1752 2978
826 330 894 365 125

287 420 445 457 mirantis
479 421 589 466 senis,
615 421 674 468 qui
695 421 768 457 fieri
790 424 905 469 posset
929 424 969 456 ut
997 419 1163 456 Tranioni
1194 419 1330 456 veniam
1361 418 1435 454 dari

287 489 481 532 precaretur
511 485 768 529 Callidamates;
797 486 889 531 quod
914 497 981 531 quo
1006 485 1118 520 acrius
1147 488 1303 531 negaret,
1322 484 1434 531 digito

288 554 456 586 monstrat
497 563 652 594 servum,
696 549 755 597 qui
788 550 931 585 fortasse
969 549 1133 585 insolenti
1165 550 1284 593 modo,
1325 550 1434 585 fretus

287 615 468 650 sanctitate
481 627 576 658 arae,
596 614 763 650 adstabat.
782 614 942 650 Ceterum
958 619 1046 649 astat
1062 614 1184 649 melius
1202 627 1303 661 quam
1320 621 1433 651 restat.

385 679 445 715 Vs.
474 680 580 716 1177.

288 744 388 778 Ham·
412 744 512 778 modo
536 744 674 777 noxiam
701 754 821 785 unam,
839 754 976 790 quaeso,
1000 744 1138 778 missam
1147 744 1213 787 fac
1229 755 1330 778 causa
1347 756 1432 779 mea.

288 807 332 842 In
357 807 420 843 hoe
445 819 546 843 versu
564 805 725 842 bifariam
737 805 880 854 legitur:
907 806 962 842 vel
974 819 1077 842 unam
1087 819 1195 844 nomae
1206 809 1353 852 veniam,
1379 807 1433 844 vel

288 886 390 908 unam
411 874 569 914 noxiam,
588 884 692 906 unam
703 885 716 912 ,·
738 871 799 907 illa
819 872 923 907 lectio
940 872 1042 907 nihili
1055 875 1122 915 est,
1146 872 1326 918 quoniam,
1350 873 1434 919 quid

288 937 335 972 sit
366 950 469 972 unam
506 937 656 980 veniam,
693 935 844 984 intelligi
876 936 1013 983 nequit,
1045 937 1125 983 quia
1152 937 1193 973 de
1219 937 1296 972 aliis
1322 937 1433 973 veniis

275 1002 415 1045 ,nullibi
454 1014 563 1037 sermo
604 1004 656 1036 est
662 1016 673 1045 3
712 1001 799 1037 hanc
830 1001 978 1038 retinere
1006 1014 1077 1038 nou
1107 1015 1287 1050 possumus
1312 1006 1433 1050 utpote

290 1067 524 1115 imperfectam
569 1079 677 1113 neque
718 1066 910 1102 absolutam
950 1066 1156 1102 sententiam
1197 1066 1432 1114 praebentem:

289 1145 392 1179 quare
424 1135 484 1168 aut
520 1144 598 1167 cum
624 1131 802 1167 Lemanno
829 1131 937 1179 (Spec.
961 1131 1037 1168 crit.
1056 1131 1093 1167 in
1112 1132 1226 1168 Plaut.
1245 1135 1280 1168 et
1296 1132 1433 1168 Terent.

291 1209 367 1244 pag.
394 1198 454 1243 49)
484 1209 600 1232 versus
626 1199 778 1232 mutetur
803 1196 870 1232 sic:

390 1300 392 1303 .
577 1262 713 1296 missam
739 1262 878 1296 noxiam
901 1274 1004 1296 unam
1029 1274 1149 1308 quaeso

290 1329 350 1361 aut
376 1326 509 1373 legatur
534 1326 626 1372 quod
652 1325 832 1373 proposuit
857 1325 1077 1361 Ritschelius.
