1752 2978
873 259 917 293 28

486 350 534 383 At
558 361 617 397 390
643 350 681 385 z'd
696 350 835 397 faciam
861 352 909 385 ita
936 364 1002 386 6836
1028 357 1063 385 ut
1088 351 1239 386 credalis.

311 414 411 461 plane
429 414 605 450 abundant
623 416 786 462 quoniam
806 415 922 451 eadem
941 417 1122 452 continent
1141 429 1225 463 quae
1244 429 1293 452 vs,
1312 418 1467 453 95—98.

436 480 598 527 Profecto
625 483 673 516 ita
700 494 766 518 esse
791 488 827 516 ut
846 483 1012 530 praedico
1038 495 1117 517 vera
1142 484 1286 517 vincam.

432 548 544 593 Atque
568 547 629 581 hoc
655 553 777 582 vosmet
801 549 890 595 ipsi,
917 549 1003 589 scio,
1025 549 1175 594 proinde
1201 549 1252 581 uti
1276 560 1362 581 num:

434 610 512 657 Eyo
539 622 605 645 esse
630 617 785 653 autumo,
812 613 947 659 quando
973 613 1063 646 dicta
1089 612 1232 646 audietis

645 675 746 718 Mea,
773 676 873 711 aliter
897 676 964 711 lzau
991 677 1115 711 dicetis.

308 751 454 784 quorum
488 739 620 787 primus
647 752 782 786 quoque
809 744 899 775 recte
926 753 946 775 a
973 740 1164 775 Ritschelio
1192 740 1329 775 uncinis
1356 740 1466 775 inclu—

308 817 366 839 sus
398 808 460 839 est.
511 804 603 839 Nam
640 806 669 839 si
697 805 876 840 deleantur
903 818 952 840 vs.
981 807 1026 840 93
1055 809 1090 840 et
1118 807 1181 850 94,
1210 818 1280 841 non
1307 809 1385 853 apte
1413 819 1467 841 co-

308 870 449 905 haerent
479 883 563 905 eum
603 871 762 917 proximo
798 884 847 906 vs.
877 873 921 905 92
952 872 995 917 (ei
1019 873 1070 906 rei
1095 877 1294 918 aryumenta
1321 872 1466 917 ‹iz'cam):

310 947 396 981 opus
435 935 547 970 fuerat
578 935 704 982 copula*
727 940 837 982 atque.
891 935 1073 971 Praeterea
1098 949 1147 971 vs.
1178 937 1222 970 95
1250 936 1341 971 idem
1368 935 1469 982 plane

310 999 396 1035 dicit
419 1000 510 1046 quod
537 1013 604 1036 vss.
632 1000 699 1035 duo
728 1013 800 1046 sqq.

411 1065 470 1100 Vs.
501 1067 547 1099 99
576 1077 626 1111 sq.

425 1130 637 1172 Auscultate,
665 1137 866 1177 arqumenta
892 1132 972 1164 dum
1000 1132 1074 1165 dieo
1101 1132 1149 1165 ad
1173 1132 1259 1165 Itane
1284 1144 1376 1166 rem:

423 1194 536 1229 Simul
559 1207 726 1242 9narure3
753 1206 808 1229 vos
835 1194 908 1228 volo
935 1207 1001 1229 esse
1027 1195 1114 1229 hano
1139 1208 1210 1231 rem
1236 1207 1375 1231 mecum.

308 1271 486 1306 perperam
533 1259 620 1294 mihi
665 1259 801 1294 videtur
842 1259 978 1294 uncinis
1016 1259 1196 1295 inclusisse
1247 1260 1467 1295 Ritsehelius.

309 1324 410 1359 Thesi
438 1324 530 1359 enim
557 1324 737 1371 proposita
765 1325 826 1370 (vs.
856 1325 899 1358 91
931 1325 994 1370 sq).

345 1387 526 1424 Novarum
553 1390 688 1425 aedium
715 1402 781 1425 esse
807 1389 958 1423 arbitror
984 1389 1130 1424 similem
1158 1402 1216 1436 eqo
1243 1389 1430 1432 homimem,

350 1453 495 1498 Quando
519 1454 574 1489 hic
598 1460 696 1489 natu-s
719 1460 774 1489 est.

310 1524 345 1555 et
382 1520 526 1556 monitis
565 1520 782 1556 auditoribus
815 1532 1016 1566 persuasum
1044 1520 1129 1566 ipsis
1155 1520 1228 1554 fore
1254 1532 1327 1555 eam
1355 1533 1467 1555 veram

309 1598 400 1629 esse,
438 1585 654 1621 Philolaches
682 1598 739 1620 eos
765 1585 924 1620 hortatur
952 1588 990 1619 ut
1018 1585 1089 1619 sint
1115 1585 1261 1619 attenti:
1288 1585 1469 1621 auscultate

309 1655 391 1694 eet.;
434 1651 470 1686 in
510 1651 582 1694 his,
623 1664 677 1686 me
713 1651 830 1697 judice
839 1678 849 1694 ,
877 1654 967 1685 certe
994 1650 1084 1684 nihil
1111 1654 1163 1684 est
1188 1651 1279 1696 quod
1306 1651 1466 1686 offendat.

308 1715 461 1751 Verbum
503 1728 669 1763 ynarmvs
707 1719 944 1762 praeterquam
984 1715 1048 1750 hoc
1086 1715 1161 1750 loeo
1202 1715 1306 1750 semel
1341 1715 1468 1762 legitur

309 1780 415 1816 Poen.
444 1780 538 1816 Prol.
566 1782 625 1816 47.

623 1873 780 1880 .....
809 1858 911 1892 aeque
935 1851 972 1879 ut
998 1858 1123 1881 mecum
1150 1847 1222 1880 sitis
1245 1858 1418 1892 ynarureS.

407 1911 468 1947 Vs.
498 1913 580 1947 104.

309 1976 386 2011 Sibi
406 1978 543 2023 quisque
566 1977 686 2011 similis
712 1977 778 2011 volt
803 1989 862 2011 suo
883 1982 1010 2010 sumtu:
1035 1989 1174 2023 operam
1201 1989 1268 2010 non
1282 1983 1432 2023 parcunt

407 2053 513 2076 suam.

313 2106 383 2141 Hie
410 2119 528 2142 versus
556 2106 641 2142 mihi
670 2106 808 2141 videtur
833 2119 1008 2153 perperam
1037 2107 1166 2153 ejectus
1194 2119 1276 2141 esse.
1316 2106 1376 2141 Vs.
1398 2107 1466 2140 103

309 2173 402 2207 enim
442 2173 570 2207 dicitur
605 2171 705 2207 aedes
732 2171 890 2218 pulchras
922 2172 964 2207 ab
992 2171 1154 2207 omnibus
1180 2171 1312 2206 laudari
1339 2171 1465 2215 solere,

310 2251 428 2273 omnes
455 2252 494 2273 ex
523 2238 576 2273 his
605 2237 747 2273 aedibus
775 2238 968 2285 exemplum
996 2238 1063 2273 sibi
1084 2250 1235 2281 sumere,
1264 2237 1388 2284 quibus
1408 2251 1466 2283 op-

311 2304 394 2338 time
422 2303 584 2351 adjicitur
611 2303 692 2338 hoc:
722 2316 840 2338 omnes
867 2303 932 2338 sibi
961 2303 1059 2338 aedes
1086 2303 1209 2339 habere
1227 2303 1312 2339 velle
1331 2302 1466 2337 illarum
