1752 2978
881 263 927 295 48

769 467 969 502 SOENA
1008 469 1041 501 3.

421 735 480 770 Vs.
510 736 592 770 313.

519 801 705 836 Advorsum
733 800 843 835 veniri
867 800 949 835 mihi
975 801 1021 835 ad
1045 800 1274 836 Philolachem

318 863 389 900 Hic
415 878 533 900 versus
559 865 683 900 melius
709 868 865 900 constare
892 865 977 900 mihi
1004 864 1142 900 videtur
1171 864 1201 899 si
1227 864 1374 911 legimus
1402 875 1478 899 cum

322 931 540 966 Hermanno:

508 997 695 1031 Advorsum
720 996 831 1031 veniri
856 996 937 1031 mihi
962 996 1008 1030 ad
1032 995 1295 1031 Philolachetem

320 1073 405 1106 quae
436 1061 546 1096 forma
571 1060 757 1095 accusativi
784 1060 889 1096 etiam
914 1064 1026 1095 exstat
1052 1073 1102 1095 vs.
1130 1061 1202 1095 349
1229 1064 1264 1095 et
1290 1061 1383 1103 616,
1411 1073 1478 1106 quo

319 1124 464 1160 efficitur
500 1124 707 1160 Bacchiacus
746 1127 883 1160 tetram.
922 1128 1008 1159 ucat.
1061 1124 1157 1160 Haec
1191 1124 1293 1160 verba
1329 1124 1477 1160 Callida-

320 1194 427 1226 mates
453 1190 539 1225 dicit
566 1202 683 1233 servo,
724 1189 782 1235 qui
809 1189 847 1224 in
887 1189 1000 1225 indice
1033 1202 1257 1237 personarum
1289 1190 1479 1226 advorsitor

319 1259 480 1298 vocatur,
512 1255 611 1302 cujus
651 1254 800 1289 officium
838 1258 911 1289 erat
937 1254 1116 1289 dominum
1142 1267 1243 1290 suum
1269 1255 1421 1303 opperiri
1448 1256 1477 1291 si

320 1320 459 1356 rediret.
512 1319 565 1355 Cf.
608 1319 755 1355 Bekker.
797 1319 888 1355 Gall.
925 1319 965 1354 II
1003 1332 1080 1367 pag.
1110 1321 1198 1363 112,
1225 1320 1302 1356 Ter.
1329 1320 1476 1367 Adelph.

320 1384 358 1419 I:
379 1387 419 1419 1:
440 1387 481 1427 2,
509 1384 624 1419 Plaut.
644 1384 739 1419 Men.
760 1384 815 1419 II:
837 1386 878 1419 3:
898 1385 961 1427 87,
990 1384 1096 1419 Most.
1116 1384 1185 1419 IV:
1208 1386 1246 1419 1:
1266 1386 1323 1419 26.

418 1450 478 1486 Vs.
507 1451 714 1485 320—322.

460 1526 585 1550 DELPH.
625 1515 758 1561 Semper
783 1514 865 1549 istoc
892 1515 982 1548 modo
1012 1515 1115 1560 [tute]
1144 1513 1320 1549 morata's:

635 1605 1019 1614 .......
1072 1579 1144 1613 vita
1169 1579 1302 1614 debebas

488 1656 585 1680 CALL.
619 1643 717 1679 Visne
743 1656 798 1688 eqo
826 1647 858 1678 te
882 1656 922 1679 ac
949 1647 985 1678 ta
1013 1643 1086 1678 med
1109 1642 1337 1690 amplectare?

318 1710 367 1745 Hi
395 1723 529 1753 versu5‚
570 1709 629 1755 qui
669 1708 705 1743 in
739 1708 915 1743 codicibus
947 1708 1100 1755 corrupti
1134 1712 1169 1743 et
1195 1708 1347 1744 mutilati
1375 1713 1474 1753 sunt,

317 1780 418 1810 antea
444 1774 493 1809 sic
519 1774 574 1809 edi
602 1773 775 1809 solebant:

443 1850 571 1874 DELPH.
611 1839 744 1884 Semper
769 1838 852 1873 istoc
877 1838 968 1873 modo
994 1841 1143 1877 moratus
1168 1837 1279 1873 vivere

442 1904 598 1938 Debebas.
651 1914 749 1937 CALL.
777 1902 885 1946 visne,
914 1905 977 1937 etc.

319 1968 428 2014 Atqui
472 1968 547 2003 luce
586 1967 711 2002 clarius
750 1970 802 2001 est
846 1966 1003 2014 ineptum
1042 1967 1124 2002 haec
1162 1966 1285 2003 habere
1325 1980 1473 2005 sensum.

317 2033 506 2080 Delphium
532 2032 664 2067 scilicet
694 2035 882 2067 amatorem
916 2044 1016 2067 suum
1047 2031 1243 2067 hortaretur
1277 2036 1316 2068 ut
1342 2045 1475 2081 semper

318 2098 379 2132 tali
407 2097 510 2132 modo
539 2096 685 2138 viveret,
715 2101 753 2130 ut
779 2108 871 2130 nunc
896 2095 995 2138 facit,
1022 2096 1057 2131 h.
1085 2109 1114 2131 e.
1142 2099 1181 2131 ut
1207 2109 1339 2144 semper
1365 2097 1473 2132 ebrie-

317 2163 381 2197 tati
422 2176 457 2198 se
496 2162 635 2197 dederet
642 2177 651 2205 ς
692 2173 795 2207 quare
834 2160 1023 2195 Ritschelio
1055 2161 1310 2197 assentiendum
1337 2162 1473 2197 notanti

315 2229 470 2263 lacunam
515 2233 593 2274 post
636 2225 817 2268 morantes,
856 2238 957 2271 quam
988 2225 1050 2261 tali
1088 2226 1157 2261 fere
1188 2227 1290 2262 modo
1321 2227 1473 2274 suppleri

313 2306 414 2340 posse
441 2292 598 2339 conjicit:
