1752 2978
881 290 903 323 4

309 381 345 415 in
372 381 464 428 pelvi
490 380 648 416 dominae
679 380 797 416 afferre
823 380 961 416 lavandi
995 394 1094 417 cansa
1125 384 1189 417 cet.
1204 409 1215 426 ‚
1243 381 1327 417 item
1354 395 1465 419 mores

308 446 367 492 qui
385 446 631 493 depinguntur,
651 446 710 493 qui
728 446 820 493 apud
838 446 1040 482 Terentium
1058 449 1139 482 sunt
1157 447 1300 482 omnino
1319 447 1440 483 Graeci
1451 476 1462 492 ,

307 511 397 558 apud
420 511 585 547 Plautum
611 525 673 560 pro
708 516 804 559 parte
839 512 977 557 saltem,
1006 517 1045 548 ut
1069 525 1102 548 v.
1137 525 1165 548 e.
1194 512 1232 548 in
1260 513 1323 548 hac
1348 513 1464 549 fabula

307 589 373 618 vss.
413 578 623 613 156—312.
655 577 853 613 continetur
893 590 993 613 scena
1039 577 1140 626 plane
1179 578 1319 613 Graeca.
1380 578 1463 614 Non

306 642 399 676 enim
423 642 515 689 apud
540 643 712 677 Romanos
741 655 816 677 mos
838 646 911 678 erat
937 643 1069 690 puellas
1097 655 1208 678 emere
1233 656 1253 678 a
1277 642 1462 678 lenonibus

305 709 345 740 ut
371 707 462 754 apud
485 707 652 750 Graecos,
681 710 720 742 ut
745 708 953 743 nominatim
985 708 1042 743 hic
1065 707 1324 743 Philematium.
1361 707 1460 743 Tem-

305 771 447 818 poribus
473 772 590 807 Plauti
618 773 852 808 Romanorum
878 786 991 808 mores
1017 786 1087 808 non
1106 776 1176 808 tam
1193 772 1346 820 corrupti
1365 777 1462 808 erant

306 841 344 870 nt
370 836 458 871 ritus
485 837 699 872 matrimonii
723 838 812 885 justi
836 851 908 873 non
935 838 1095 885 religiose
1118 841 1292 874 servarent
1300 853 1310 882 3
1339 838 1461 874 Graeci

305 906 425 938 contra
448 903 520 950 jam
547 903 794 951 Aristophanis
829 904 1044 952 temporibus
1078 917 1150 940 11011
1181 904 1335 939 contenti
1365 907 1462 940 erant

305 980 374 1002 una
394 981 499 1003 uxore
521 968 696 1014 legitima,
729 982 849 1004 verum
874 973 934 1005 aut
956 969 1164 1005 concubinas
1187 968 1373 1013 habebant,
1401 973 1462 1005 aut

305 1033 392 1067 sein
407 1033 691 1068 consuetudinem
709 1033 788 1069 dare
807 1034 963 1069 solebant
982 1047 1059 1069 cum
1084 1031 1243 1078 ἑταίραις,
1258 1034 1461 1070 mulieribus

305 1110 440 1132 morum
450 1093 588 1144 quidem
598 1098 816 1142 lascivorum,
827 1111 945 1134 verum
959 1111 1202 1146 saepenumero
1215 1098 1460 1135 excellentibus

305 1161 438 1207 ingenii
464 1163 693 1209 praestantia,
725 1175 835 1209 neque
864 1163 936 1198 ullo
976 1163 1078 1198 modo
1114 1162 1350 1211 comparandis
1383 1176 1460 1198 cum

305 1227 542 1262 meretricibus
579 1228 811 1275 posteriorum
860 1232 1056 1276 temporum
1104 1228 1252 1264 Romani
1298 1228 1457 1276 imperii,

304 1292 421 1338 quales
446 1292 686 1328 describuntur
712 1306 731 1328 a
756 1293 778 1327 J
782 1293 941 1336 uvenale‚
968 1293 1037 1328 Sat.
1056 1293 1120 1328 VI.
1147 1293 1252 1340 Saepe
1270 1293 1363 1329 enim
1380 1294 1460 1329 illae

305 1357 465 1392 mulieres
506 1370 631 1393 corona
677 1358 830 1393 virorum
881 1358 1122 1393 excellentium
1158 1358 1252 1393 domi
1284 1371 1363 1394 suae
1393 1359 1458 1394 cir-

304 1423 482 1458 cumdatae
519 1427 633 1467 erant,
667 1427 706 1459 ut
738 1423 952 1471 Xenophon,
985 1423 1087 1459 Plato
1110 1423 1237 1470 aliique
1266 1423 1352 1459 locis
1384 1437 1457 1459 sex-

302 1488 411 1523 centis
437 1491 620 1524 testantur.
653 1488 858 1524 Comoediae
886 1488 1094 1524 Graecorum
1127 1488 1287 1535 antiquae
1313 1489 1459 1537 vestigia

302 1554 465 1590 Plautum
489 1558 524 1589 et
546 1554 745 1589 Terentium
771 1567 842 1589 11011
869 1558 1002 1589 secutos
1027 1566 1099 1589 esse
1126 1557 1285 1602 apparet:

402 1633 433 1655 α,
485 1620 539 1654 Ex
564 1624 766 1665 argumento
798 1619 1008 1663 fabularum,
1044 1619 1136 1665 quod
1172 1631 1304 1667 semper
1329 1623 1459 1667 spectat

301 1679 410 1714 vitam
436 1679 678 1722 domesticam,
706 1692 759 1714 res
785 1679 943 1726 publicae
965 1691 1045 1714 vero
1069 1691 1139 1714 non
1166 1679 1235 1714 nisi
1254 1679 1458 1726 quibusdam

300 1745 385 1779 locis
409 1745 531 1779 leviter
555 1748 763 1791 tanguntur,
799 1757 904 1790 quum
940 1744 1115 1779 comoedia
1151 1744 1293 1790 antiqua
1322 1748 1397 1780 tota
1420 1745 1457 1779 in

300 1809 401 1846 rebus
436 1809 584 1857 publicis
610 1813 821 1854 versaretur,
848 1813 882 1845 et
912 1809 949 1844 in
977 1823 1015 1845 ea
1042 1809 1109 1845 viri
1143 1809 1203 1856 qui
1228 1809 1315 1845 bene
1340 1810 1457 1845 meriti

301 1876 498 1911 viderentur
525 1876 567 1911 de
594 1876 734 1911 civitate
755 1875 905 1919 laudari,
941 1876 1000 1921 qui
1038 1875 1145 1919 male,
1181 1875 1368 1922 perstringi
1402 1889 1456 1911 so-

300 1941 422 1976 lerent.
473 1941 596 1987 Neque
621 1941 658 1976 id
683 1941 894 1977 mirandum:
923 1941 1075 1976 Romani
1098 1940 1191 1976 enim
1215 1940 1353 1988 patricii
1385 1953 1456 1976 11011

299 2006 452 2042 ludibrio
487 2007 605 2042 haberi
632 2020 667 2042 se
713 2007 804 2054 passi
837 2010 951 2042 essent
977 2006 1264 2053 quemadmodum
1289 2006 1454 2049 Athenis,

299 2073 443 2108 florente
469 2072 649 2115 libertate,
684 2072 857 2119 principes
883 2072 950 2107 viri
979 2072 1092 2119 palam
1118 2072 1156 2106 in
1180 2084 1279 2106 scena
1304 2072 1453 2118 exagita-

298 2137 435 2173 bantur.
488 2137 661 2173 Naevium
688 2136 797 2180 enim,
834 2136 893 2182 qui
917 2136 954 2171 id
976 2149 1078 2171 ausus
1104 2139 1199 2180 erat,
1224 2136 1260 2171 111
1287 2148 1454 2172 carcerem

298 2204 491 2251 conjectum
517 2203 694 2251 poenituit
720 2202 801 2238 facti
825 2202 922 2249 isque
936 2202 972 2237 in
986 2206 1162 2250 posterum
1183 2202 1291 2249 magis
1314 2215 1348 2238 se
1373 2215 1452 2238 con-

297 2268 416 2303 tinuit.
467 2269 612 2304 Plautus
635 2272 751 2304 autem
774 2268 917 2303 obscura
953 2271 1054 2314 gente
1090 2268 1273 2312 oriundus,
1311 2267 1451 2303 histrio-

296 2347 379 2370 num
404 2335 517 2382 gregis
540 2335 627 2380 dux,
667 2334 790 2370 deinde
827 2347 942 2370 servus
974 2334 1099 2378 factus,
1139 2338 1228 2370 certe
1255 2347 1325 2370 non
1350 2346 1452 2369 ausus
