1752 2978
854 350 898 384 29

300 438 447 483 similes,
489 439 560 475 sive
598 440 640 475 ad
680 440 817 476 illarum
852 441 1045 489 exemplum
1081 441 1284 476 aedificatas.
1338 440 1452 485 Quare

299 504 429 540 nullam
455 517 589 541 causam
616 505 746 550 video:
762 518 821 541 cur
846 519 963 542 versus
982 509 1215 554 expungatur,
1244 505 1382 541 mallem
1401 509 1450 541 ta-

299 582 378 604 men
403 582 479 605 eum
505 570 699 605 Camerario
732 571 862 617 legere:
894 589 912 610 ῃ
924 583 1047 618 operae
1072 584 1137 605 non
1159 577 1310 618 parcunt
1328 570 1450 613 suaef’

299 635 460 679 quoniam
479 634 620 670 verbum
634 648 779 683 parcere
805 647 873 670 uno
895 639 1031 671 tantum
1050 636 1125 670 loco
1154 635 1266 682 (Cure.
1285 635 1364 670 HI:
1390 637 1448 681 11)

298 699 389 745 apud
414 699 577 734 Plautum
603 712 680 734 cum
706 711 773 734 acc.
802 702 1036 735 constructum
1063 700 1250 735 invenitur.

396 763 456 798 Vs.
486 765 555 798 126
583 776 632 810 sq.

490 827 717 875 [Expolz‘unt‚
744 828 859 863 docent
883 828 1029 870 litteras,
1049 829 1154 876 jura,
1182 829 1267 876 [eyes

657 891 728 927 Suo
753 899 889 940 sumptu
916 899 946 928 et
971 893 1109 940 labore]

298 957 373 991 Hos
412 968 528 991 versus
568 959 691 991 merito
731 956 897 992 delevisse
923 958 1017 992 visus
1044 961 1096 992 est
1122 958 1344 994 Ritschelius.
1372 959 1447 994 Pri-

298 1033 391 1055 mum
443 1020 588 1056 offendit
640 1021 695 1065 id,
750 1022 842 1068 quod
897 1035 1002 1068 quum
1049 1023 1150 1058 modo
1199 1023 1307 1058 dixit:
1362 1043 1379 1063 u
1395 1037 1452 1059 nec

295 1092 422 1121 sumtus
445 1087 512 1121 sibi
534 1089 683 1135 sumptui
716 1099 781 1123 esse
818 1087 969 1123 ducunff’
1012 1089 1073 1134 (VS.
1115 1089 1199 1135 125)
1235 1088 1332 1123 addit
1365 1101 1451 1127 usuo

296 1157 431 1199 sumptu
456 1157 486 1187 et
511 1151 626 1188 labore
638 1151 671 1195 ,”
699 1165 783 1198 quae
810 1166 890 1188 sane
917 1156 968 1188 est
994 1154 1121 1200 frigida
1147 1153 1329 1189 verborum
1355 1166 1449 1200 repe—

298 1217 391 1252 titio.
419 1217 553 1253 Deinde
579 1222 753 1265 comparat
779 1218 1016 1253 educationem
1042 1218 1230 1253 liberorum
1256 1230 1333 1253 eum
1356 1218 1448 1253 aedi-

297 1281 508 1326 dificatione‚
552 1282 655 1329 idque
693 1283 903 1329 generatim,
945 1296 1016 1318 non
1053 1283 1307 1330 particulatim,
1347 1296 1450 1328 quare

296 1347 413 1382 addita
439 1347 524 1382 ista:
556 1366 574 1387 η
584 1349 701 1382 docent
727 1347 891 1383 litteras”
912 1351 975 1383 eet.
1004 1348 1118 1382 minus
1145 1348 1324 1393 quadrant.
1358 1348 1448 1383 Puto

296 1411 436 1447 advecta
456 1425 528 1447 esse
546 1425 566 1447 a
583 1412 817 1459 grammatico,
838 1413 897 1458 qui
917 1416 1051 1448 sumtus
1070 1412 1149 1447 illos
1168 1412 1364 1459 parentium
1383 1425 1450 1458 quo

296 1480 507 1524 spectarent,
536 1477 726 1512 accuratius
754 1477 857 1512 vellet
884 1477 1063 1525 explicare.
1112 1477 1246 1522 Quodsi
1270 1478 1335 1513 hoc
1358 1477 1450 1513 indi-

296 1554 370 1577 care
396 1541 563 1577 voluisset
588 1545 707 1590 poeta,
743 1555 813 1578 non
840 1543 1032 1586 omisisset,
1061 1542 1201 1590 opinor,
1229 1542 1313 1577 alias
1340 1546 1448 1586 artes,

296 1607 419 1653 quibus
448 1607 614 1654 juventus
651 1607 887 1651 erudiebatur,
922 1620 977 1642 eas
1011 1607 1107 1651 dico,
1142 1619 1227 1653 quae
1260 1607 1302 1642 ad
1336 1607 1447 1654 palae-

295 1675 401 1707 stram
427 1672 615 1719 pertinent.

394 1737 454 1772 Vs.
483 1738 566 1773 151.
809 1774 811 1776 ,

694 1803 794 1849 [Arte
819 1804 1052 1851 gymnasia-cz]

294 1867 363 1903 Hic
397 1881 514 1903 versus
548 1868 637 1903 nihil
662 1868 758 1903 aliud
782 1868 919 1903 videtur
945 1881 1017 1903 esse
1045 1880 1145 1914 quam
1173 1868 1446 1903 additamentum

294 1933 511 1981 interpretis,
540 1945 606 1979 quo
633 1933 839 1980 significaret
863 1945 948 1979 quae
966 1936 1171 1979 sequuntur:
1202 1950 1221 1972 ῃ
1232 1933 1340 1977 disco,
1368 1933 1444 1968 kas-

294 1997 384 2043 tis’'‚
425 2003 508 2043 cet.,
546 2012 584 2034 ea
619 1999 735 2034 omnia
760 2002 832 2033 arte
867 1998 1081 2045 gymnastica
1116 1998 1299 2033 contineri.
1352 1998 1444 2033 Nam

292 2062 409 2111 priora
441 2064 543 2099 verba
568 2064 649 2098 haec
675 2063 714 2098 in
738 2063 904 2098 familiari
931 2075 1087 2098 sermone
1116 2063 1294 2098 venustius
1321 2062 1445 2098 absunt

292 2141 394 2175 quam
420 2129 558 2165 adsunt.
585 2128 718 2164 Deinde
743 2128 870 2164 nullibi
896 2129 933 2164 in
960 2128 1022 2164 hac
1041 2141 1141 2164 scena
1165 2141 1282 2164 versus
1301 2128 1446 2163 creticus

291 2193 436 2229 dimeter
469 2194 662 2237 invenitur,
700 2205 800 2239 quem
833 2193 1084 2241 antistrophica
1115 2194 1224 2237 ratio,
1261 2206 1326 2239 qua
1353 2205 1444 2228 com-

290 2259 404 2306 posita
428 2272 501 2295 esse
527 2259 680 2304 videtur,
707 2258 853 2306 impedit
880 2260 1064 2305 quominus
1091 2259 1305 2294 admittatur.

389 2324 450 2359 Vs.
480 2326 564 2360 155.

400 2389 535 2435 Optumi
560 2390 680 2436 quique
705 2391 896 2436 expetebant
923 2404 943 2425 a
971 2403 1018 2425 me
1044 2390 1229 2426 doctrinam
1258 2389 1339 2425 sibi.-
