<?xml version="1.0" encoding="UTF-8"?>
<!DOCTYPE html PUBLIC "-//W3C//DTD XHTML 1.0 Transitional//EN"
    "http://www.w3.org/TR/xhtml1/DTD/xhtml1-transitional.dtd">
<html xmlns="http://www.w3.org/1999/xhtml" xml:lang="en" lang="en">
 <head>
  <title>
</title>
<meta http-equiv="Content-Type" content="text/html;charset=utf-8" />
  <meta name='ocr-system' content='tesseract 3.04.00' />
  <meta name='ocr-capabilities' content='ocr_page ocr_carea ocr_par ocr_line ocrx_word'/>
</head>
<body>
  <div class='ocr_page' id='page_1' title='image "4737243_0112.png"; bbox 0 0 1752 2978; ppageno 0'>
   <div class='ocr_carea' id='block_1_1' title="bbox 858 275 926 308">
    <p class='ocr_par' dir='ltr' id='par_1_1' title="bbox 858 275 926 308">
     <span class='ocr_line' id='line_1_1' title="bbox 858 275 926 308; baseline 0 0"><span class='ocrx_word' id='word_1_1' title='bbox 858 275 926 308; x_wconf 85' lang='lat'><strong>100</strong></span> 
     </span>
    </p>
   </div>
   <div class='ocr_carea' id='block_1_2' title="bbox 313 362 1520 412">
    <p class='ocr_par' dir='ltr' id='par_1_2' title="bbox 313 362 1520 412">
     <span class='ocr_line' id='line_1_2' title="bbox 313 362 1520 412; baseline 0.001 -14"><span class='ocrx_word' id='word_1_2' title='bbox 313 376 413 409; x_wconf 82' lang='lat' dir='ltr'><strong>quem</strong></span> <span class='ocrx_word' id='word_1_3' title='bbox 449 362 656 398; x_wconf 76' lang='lat' dir='ltr'><strong>Ritschelius</strong></span> <span class='ocrx_word' id='word_1_4' title='bbox 695 367 831 399; x_wconf 77' lang='lat' dir='ltr'><strong>secutus</strong></span> <span class='ocrx_word' id='word_1_5' title='bbox 870 369 945 408; x_wconf 85' lang='lat' dir='ltr'><strong>est,</strong></span> <span class='ocrx_word' id='word_1_6' title='bbox 982 363 1155 412; x_wconf 82' lang='lat' dir='ltr'><strong>probanda</strong></span> <span class='ocrx_word' id='word_1_7' title='bbox 1195 363 1281 399; x_wconf 86' lang='lat' dir='ltr'><strong>mihi</strong></span> <span class='ocrx_word' id='word_1_8' title='bbox 1315 363 1465 400; x_wconf 86' lang='lat' dir='ltr'><strong>videtur.</strong></span> <span class='ocrx_word' id='word_1_9' title='bbox 1518 388 1520 390; x_wconf 96' lang='lat'>-</span> 
     </span>
    </p>
   </div>
   <div class='ocr_carea' id='block_1_3' title="bbox 311 428 1466 1713">
    <p class='ocr_par' dir='ltr' id='par_1_3' title="bbox 311 428 1466 919">
     <span class='ocr_line' id='line_1_3' title="bbox 413 428 649 475; baseline 0 -12"><span class='ocrx_word' id='word_1_10' title='bbox 413 428 472 464; x_wconf 81' lang='lat' dir='ltr'><strong>Vs.</strong></span> <span class='ocrx_word' id='word_1_11' title='bbox 502 430 571 465; x_wconf 82' lang='lat'><strong>877</strong></span> <span class='ocrx_word' id='word_1_12' title='bbox 600 441 649 475; x_wconf 87' lang='lat' dir='ltr'><strong>sq.</strong></span> 
     </span>
     <span class='ocr_line' id='line_1_4' title="bbox 312 495 1466 543; baseline -0.001 -12"><span class='ocrx_word' id='word_1_13' title='bbox 312 495 389 531; x_wconf 85' lang='lat' dir='ltr'><strong>Non</strong></span> <span class='ocrx_word' id='word_1_14' title='bbox 416 507 468 530; x_wconf 87' lang='lat' dir='ltr'><strong>eo:</strong></span> <span class='ocrx_word' id='word_1_15' title='bbox 494 495 649 530; x_wconf 70' lang='lat' dir='ltr'><strong>molestus</strong></span> <span class='ocrx_word' id='word_1_16' title='bbox 676 507 717 530; x_wconf 82' lang='lat' dir='ltr'><strong>ne</strong></span> <span class='ocrx_word' id='word_1_17' title='bbox 741 495 805 530; x_wconf 69' lang='lat' dir='ltr'><strong>sis:</strong></span> <span class='ocrx_word' id='word_1_18' title='bbox 831 496 896 531; x_wconf 72' lang='lat' dir='ltr'><em>seio</em></span> <span class='ocrx_word' id='word_1_19' title='bbox 922 508 984 543; x_wconf 81' lang='lat' dir='ltr'><strong>quo</strong></span> <span class='ocrx_word' id='word_1_20' title='bbox 1001 507 1184 541; x_wconf 73' lang='lat' dir='ltr'><strong>properas.-</strong></span> <span class='ocrx_word' id='word_1_21' title='bbox 1206 495 1310 540; x_wconf 60' lang='grc' dir='ltr'><strong>ρι’-θιὼ</strong></span> <span class='ocrx_word' id='word_1_22' title='bbox 1333 496 1466 543; x_wconf 80' lang='lat' dir='ltr'><strong>aliquo:</strong></span> 
     </span>
     <span class='ocr_line' id='line_1_5' title="bbox 312 559 1266 607; baseline 0.001 -12"><span class='ocrx_word' id='word_1_23' title='bbox 312 560 387 595; x_wconf 85' lang='lat' dir='ltr'><strong>Iam</strong></span> <span class='ocrx_word' id='word_1_24' title='bbox 413 560 523 595; x_wconf 69' lang='lat' dir='ltr'><em>hercle</em></span> <span class='ocrx_word' id='word_1_25' title='bbox 551 560 670 606; x_wconf 80' lang='lat' dir='ltr'><em>[nune]</em></span> <span class='ocrx_word' id='word_1_26' title='bbox 700 559 749 595; x_wconf 80' lang='lat' dir='ltr'><strong>ire</strong></span> <span class='ocrx_word' id='word_1_27' title='bbox 777 560 843 604; x_wconf 72' lang='lat' dir='ltr'><strong>vis,</strong></span> <span class='ocrx_word' id='word_1_28' title='bbox 871 561 975 603; x_wconf 80' lang='lat' dir='ltr'><em>mule,</em></span> <span class='ocrx_word' id='word_1_29' title='bbox 995 564 1132 605; x_wconf 73' lang='lat' dir='ltr'><strong>pastum</strong></span> <span class='ocrx_word' id='word_1_30' title='bbox 1147 561 1266 607; x_wconf 73' lang='lat' dir='ltr'><em>foras.</em></span> 
     </span>
     <span class='ocr_line' id='line_1_6' title="bbox 311 623 1465 668; baseline 0.001 -10"><span class='ocrx_word' id='word_1_31' title='bbox 311 624 400 659; x_wconf 87' lang='lat' dir='ltr'><strong>Sunt</strong></span> <span class='ocrx_word' id='word_1_32' title='bbox 437 624 519 660; x_wconf 84' lang='lat' dir='ltr'><strong>haec</strong></span> <span class='ocrx_word' id='word_1_33' title='bbox 556 623 675 667; x_wconf 84' lang='lat' dir='ltr'><strong>verba,</strong></span> <span class='ocrx_word' id='word_1_34' title='bbox 708 627 746 660; x_wconf 84' lang='lat' dir='ltr'><strong>ut</strong></span> <span class='ocrx_word' id='word_1_35' title='bbox 784 625 1027 660; x_wconf 84' lang='lat' dir='ltr'><strong>animadvertit</strong></span> <span class='ocrx_word' id='word_1_36' title='bbox 1052 623 1261 668; x_wconf 88' lang='lat' dir='ltr'>Lambinus,</span> <span class='ocrx_word' id='word_1_37' title='bbox 1289 636 1465 660; x_wconf 85' lang='lat' dir='ltr'><strong>servorum</strong></span> 
     </span>
     <span class='ocr_line' id='line_1_7' title="bbox 312 688 1464 736; baseline 0.001 -12"><span class='ocrx_word' id='word_1_38' title='bbox 312 688 542 725; x_wconf 82' lang='lat' dir='ltr'><strong>desidentium</strong></span> <span class='ocrx_word' id='word_1_39' title='bbox 582 692 617 724; x_wconf 85' lang='lat' dir='ltr'><strong>et</strong></span> <span class='ocrx_word' id='word_1_40' title='bbox 655 688 874 726; x_wconf 83' lang='lat' dir='ltr'><strong>irridentium</strong></span> <span class='ocrx_word' id='word_1_41' title='bbox 914 702 1049 725; x_wconf 88' lang='lat' dir='ltr'><strong>servum</strong></span> <span class='ocrx_word' id='word_1_42' title='bbox 1074 688 1186 736; x_wconf 88' lang='lat' dir='ltr'>frugi,</span> <span class='ocrx_word' id='word_1_43' title='bbox 1214 689 1273 735; x_wconf 92' lang='lat' dir='ltr'><strong>qui</strong></span> <span class='ocrx_word' id='word_1_44' title='bbox 1299 689 1380 725; x_wconf 83' lang='lat' dir='ltr'><strong>hero</strong></span> <span class='ocrx_word' id='word_1_45' title='bbox 1406 689 1464 725; x_wconf 85' lang='lat' dir='ltr'><strong>ad-</strong></span> 
     </span>
     <span class='ocr_line' id='line_1_8' title="bbox 311 753 1464 801; baseline 0 -12"><span class='ocrx_word' id='word_1_46' title='bbox 311 766 449 789; x_wconf 83' lang='lat' dir='ltr'>vorsum</span> <span class='ocrx_word' id='word_1_47' title='bbox 476 753 526 789; x_wconf 86' lang='lat' dir='ltr'><strong>ire</strong></span> <span class='ocrx_word' id='word_1_48' title='bbox 552 756 661 801; x_wconf 71' lang='lat' dir='ltr'><strong>parat,</strong></span> <span class='ocrx_word' id='word_1_49' title='bbox 703 772 721 794; x_wconf 76' lang='grc' dir='ltr'><em>η</em></span> <span class='ocrx_word' id='word_1_50' title='bbox 730 753 787 790; x_wconf 86' lang='lat' dir='ltr'><strong>Ire</strong></span> <span class='ocrx_word' id='word_1_51' title='bbox 814 754 865 789; x_wconf 88' lang='lat' dir='ltr'><strong>vis</strong></span> <span class='ocrx_word' id='word_1_52' title='bbox 890 754 1004 800; x_wconf 86' lang='lat' dir='ltr'><strong>aliquo</strong></span> <span class='ocrx_word' id='word_1_53' title='bbox 1023 753 1060 788; x_wconf 91' lang='lat' dir='ltr'><strong>in</strong></span> <span class='ocrx_word' id='word_1_54' title='bbox 1077 753 1261 801; x_wconf 87' lang='lat' dir='ltr'><strong>popinam,</strong></span> <span class='ocrx_word' id='word_1_55' title='bbox 1284 757 1324 789; x_wconf 89' lang='lat' dir='ltr'><strong>ut</strong></span> <span class='ocrx_word' id='word_1_56' title='bbox 1347 757 1380 789; x_wconf 86' lang='lat' dir='ltr'><strong>te</strong></span> <span class='ocrx_word' id='word_1_57' title='bbox 1398 754 1464 789; x_wconf 81' lang='lat' dir='ltr'>far-</span> 
     </span>
     <span class='ocr_line' id='line_1_9' title="bbox 312 818 1465 866; baseline 0 -12"><span class='ocrx_word' id='word_1_58' title='bbox 312 819 399 863; x_wconf 85' lang='lat' dir='ltr'>cias,</span> <span class='ocrx_word' id='word_1_59' title='bbox 434 818 528 854; x_wconf 69' lang='lat' dir='ltr'><strong>sicut</strong></span> <span class='ocrx_word' id='word_1_60' title='bbox 550 818 636 854; x_wconf 87' lang='lat' dir='ltr'><strong>muli</strong></span> <span class='ocrx_word' id='word_1_61' title='bbox 654 818 792 863; x_wconf 65' lang='lat' dir='ltr'><strong>solent,</strong></span> <span class='ocrx_word' id='word_1_62' title='bbox 820 818 936 854; x_wconf 80' lang='lat' dir='ltr'><strong>fractis</strong></span> <span class='ocrx_word' id='word_1_63' title='bbox 961 818 1179 863; x_wconf 82' lang='lat' dir='ltr'><strong>retinaculis,</strong></span> <span class='ocrx_word' id='word_1_64' title='bbox 1207 821 1344 866; x_wconf 84' lang='lat' dir='ltr'><strong>pastum</strong></span> <span class='ocrx_word' id='word_1_65' title='bbox 1371 818 1431 854; x_wconf 89' lang='lat' dir='ltr'><strong>ire.</strong></span> <span class='ocrx_word' id='word_1_66' title='bbox 1441 818 1465 833; x_wconf 88' lang='lat'><strong><em>”</em></strong></span> 
     </span>
     <span class='ocr_line' id='line_1_10' title="bbox 410 883 585 919; baseline 0.006 -1"><span class='ocrx_word' id='word_1_67' title='bbox 410 883 472 919; x_wconf 84' lang='lat' dir='ltr'><strong>Vs.</strong></span> <span class='ocrx_word' id='word_1_68' title='bbox 502 884 585 919; x_wconf 75' lang='lat'>884.</span> 
     </span>
    </p>

    <p class='ocr_par' dir='ltr' id='par_1_4' title="bbox 311 948 1466 1713">
     <span class='ocr_line' id='line_1_11' title="bbox 362 948 1431 995; baseline -0.001 -11"><span class='ocrx_word' id='word_1_69' title='bbox 362 949 428 984; x_wconf 79' lang='lat' dir='ltr'><em>Illi</em></span> <span class='ocrx_word' id='word_1_70' title='bbox 453 953 554 984; x_wconf 79' lang='lat' dir='ltr'><em>erunt</em></span> <span class='ocrx_word' id='word_1_71' title='bbox 577 949 738 984; x_wconf 78' lang='lat' dir='ltr'><em>bucaedae</em></span> <span class='ocrx_word' id='word_1_72' title='bbox 762 949 866 983; x_wconf 76' lang='lat' dir='ltr'><em>multo</em></span> <span class='ocrx_word' id='word_1_73' title='bbox 885 948 1002 993; x_wconf 74' lang='lat' dir='ltr'><strong>potia-s·</strong></span> <span class='ocrx_word' id='word_1_74' title='bbox 1027 960 1124 995; x_wconf 84' lang='lat' dir='ltr'><em>quam</em></span> <span class='ocrx_word' id='word_1_75' title='bbox 1150 961 1205 994; x_wconf 73' lang='lat' dir='ltr'><strong>eqo</strong></span> <span class='ocrx_word' id='word_1_76' title='bbox 1231 948 1292 983; x_wconf 73' lang='lat' dir='ltr'><strong>sim</strong></span> <span class='ocrx_word' id='word_1_77' title='bbox 1318 949 1431 984; x_wconf 73' lang='lat' dir='ltr'><em>restio.</em></span> 
     </span>
     <span class='ocr_line' id='line_1_12' title="bbox 312 1012 1465 1062; baseline -0.001 -12"><span class='ocrx_word' id='word_1_78' title='bbox 312 1014 505 1058; x_wconf 58' lang='lat' dir='ltr'><strong>Buwedw,</strong></span> <span class='ocrx_word' id='word_1_79' title='bbox 534 1017 574 1049; x_wconf 84' lang='lat' dir='ltr'><strong>ut</strong></span> <span class='ocrx_word' id='word_1_80' title='bbox 598 1013 842 1049; x_wconf 85' lang='lat' dir='ltr'><strong>animadvertit</strong></span> <span class='ocrx_word' id='word_1_81' title='bbox 862 1012 1098 1048; x_wconf 80' lang='lat' dir='ltr'><strong>Schmiederus</strong></span> <span class='ocrx_word' id='word_1_82' title='bbox 1124 1013 1167 1048; x_wconf 88' lang='lat' dir='ltr'><strong>ad</strong></span> <span class='ocrx_word' id='word_1_83' title='bbox 1191 1013 1226 1049; x_wconf 90' lang='lat' dir='ltr'><strong>h.</strong></span> <span class='ocrx_word' id='word_1_84' title='bbox 1253 1013 1297 1058; x_wconf 61' lang='grc'><strong>1.’,</strong></span> <span class='ocrx_word' id='word_1_85' title='bbox 1325 1014 1465 1062; x_wconf 85' lang='lat' dir='ltr'>proprie</span> 
     </span>
     <span class='ocr_line' id='line_1_13' title="bbox 312 1079 1465 1126; baseline -0.001 -10"><span class='ocrx_word' id='word_1_86' title='bbox 312 1083 394 1116; x_wconf 75' lang='lat' dir='ltr'><strong>sunt</strong></span> <span class='ocrx_word' id='word_1_87' title='bbox 424 1080 471 1124; x_wconf 88' lang='lat' dir='ltr'><strong>ii,</strong></span> <span class='ocrx_word' id='word_1_88' title='bbox 503 1079 563 1126; x_wconf 91' lang='lat' dir='ltr'><strong>qui</strong></span> <span class='ocrx_word' id='word_1_89' title='bbox 589 1079 694 1115; x_wconf 88' lang='lat' dir='ltr'><strong>boves</strong></span> <span class='ocrx_word' id='word_1_90' title='bbox 721 1079 875 1115; x_wconf 79' lang='lat' dir='ltr'><strong>stimulis</strong></span> <span class='ocrx_word' id='word_1_91' title='bbox 902 1079 1047 1114; x_wconf 88' lang='lat' dir='ltr'><strong>caedunt</strong></span> <span class='ocrx_word' id='word_1_92' title='bbox 1055 1094 1065 1123; x_wconf 84' lang='lat'><em>3</em></span> <span class='ocrx_word' id='word_1_93' title='bbox 1100 1080 1261 1115; x_wconf 72' lang='lat' dir='ltr'><em>restiones</em></span> <span class='ocrx_word' id='word_1_94' title='bbox 1290 1083 1372 1115; x_wconf 89' lang='lat' dir='ltr'><strong>sunt</strong></span> <span class='ocrx_word' id='word_1_95' title='bbox 1406 1080 1465 1126; x_wconf 87' lang='lat' dir='ltr'><strong>qui</strong></span> 
     </span>
     <span class='ocr_line' id='line_1_14' title="bbox 311 1144 1463 1193; baseline 0 -12"><span class='ocrx_word' id='word_1_96' title='bbox 311 1149 417 1182; x_wconf 83' lang='lat' dir='ltr'><strong>restes</strong></span> <span class='ocrx_word' id='word_1_97' title='bbox 448 1145 580 1181; x_wconf 86' lang='lat' dir='ltr'><strong>faciunt</strong></span> <span class='ocrx_word' id='word_1_98' title='bbox 605 1149 665 1180; x_wconf 88' lang='lat' dir='ltr'><strong>aut</strong></span> <span class='ocrx_word' id='word_1_99' title='bbox 691 1145 856 1180; x_wconf 88' lang='lat' dir='ltr'><strong>vendunt.</strong></span> <span class='ocrx_word' id='word_1_100' title='bbox 885 1144 937 1180; x_wconf 85' lang='lat' dir='ltr'><strong>Cf.</strong></span> <span class='ocrx_word' id='word_1_101' title='bbox 964 1144 1103 1180; x_wconf 87' lang='lat' dir='ltr'><strong>Sueton.</strong></span> <span class='ocrx_word' id='word_1_102' title='bbox 1132 1146 1221 1192; x_wconf 88' lang='lat' dir='ltr'>Aug.</span> <span class='ocrx_word' id='word_1_103' title='bbox 1250 1145 1320 1193; x_wconf 85' lang='lat' dir='ltr'><strong>Cap</strong></span> <span class='ocrx_word' id='word_1_104' title='bbox 1340 1148 1373 1181; x_wconf 76' lang='lat'><strong>2.</strong></span> <span class='ocrx_word' id='word_1_105' title='bbox 1393 1158 1420 1181; x_wconf 81' lang='lat' dir='ltr'><strong>s,</strong></span> <span class='ocrx_word' id='word_1_106' title='bbox 1439 1146 1463 1181; x_wconf 87' lang='lat' dir='ltr'><strong>f.</strong></span> 
     </span>
     <span class='ocr_line' id='line_1_15' title="bbox 311 1210 1462 1255; baseline -0.001 -9"><span class='ocrx_word' id='word_1_107' title='bbox 311 1212 363 1246; x_wconf 89' lang='lat' dir='ltr'><strong>M.</strong></span> <span class='ocrx_word' id='word_1_108' title='bbox 403 1211 572 1246; x_wconf 73' lang='lat' dir='ltr'><em>Antonius</em></span> <span class='ocrx_word' id='word_1_109' title='bbox 610 1210 801 1245; x_wconf 73' lang='lat' dir='ltr'><em>libertinum</em></span> <span class='ocrx_word' id='word_1_110' title='bbox 827 1210 857 1245; x_wconf 76' lang='lat' dir='ltr'><strong>ei</strong></span> <span class='ocrx_word' id='word_1_111' title='bbox 877 1222 1040 1254; x_wconf 77' lang='lat' dir='ltr'><strong>proavum</strong></span> <span class='ocrx_word' id='word_1_112' title='bbox 1066 1211 1242 1255; x_wconf 71' lang='lat' dir='ltr'><em>exprobrat</em></span> <span class='ocrx_word' id='word_1_113' title='bbox 1268 1210 1462 1253; x_wconf 73' lang='lat' dir='ltr'><em>restionem,</em></span> 
     </span>
     <span class='ocr_line' id='line_1_16' title="bbox 311 1274 1466 1321; baseline 0 -11"><span class='ocrx_word' id='word_1_114' title='bbox 311 1288 410 1310; x_wconf 80' lang='lat' dir='ltr'><em>avum</em></span> <span class='ocrx_word' id='word_1_115' title='bbox 454 1275 695 1321; x_wconf 74' lang='lat' dir='ltr'><strong>arqentariam.</strong></span> <span class='ocrx_word' id='word_1_116' title='bbox 753 1274 871 1320; x_wconf 75' lang='lat' dir='ltr'><strong>Quum</strong></span> <span class='ocrx_word' id='word_1_117' title='bbox 905 1277 1020 1309; x_wconf 85' lang='lat' dir='ltr'><strong>autem</strong></span> <span class='ocrx_word' id='word_1_118' title='bbox 1051 1275 1086 1310; x_wconf 90' lang='lat' dir='ltr'><strong>h.</strong></span> <span class='ocrx_word' id='word_1_119' title='bbox 1124 1274 1147 1310; x_wconf 91' lang='lat' dir='ltr'><strong>l.</strong></span> <span class='ocrx_word' id='word_1_120' title='bbox 1188 1287 1298 1310; x_wconf 84' lang='lat' dir='ltr'><strong>sermo</strong></span> <span class='ocrx_word' id='word_1_121' title='bbox 1338 1275 1385 1310; x_wconf 79' lang='lat' dir='ltr'><strong>sit</strong></span> <span class='ocrx_word' id='word_1_122' title='bbox 1424 1274 1466 1310; x_wconf 89' lang='lat' dir='ltr'><strong>de</strong></span> 
     </span>
     <span class='ocr_line' id='line_1_17' title="bbox 313 1338 1466 1387; baseline -0.001 -12"><span class='ocrx_word' id='word_1_123' title='bbox 313 1339 453 1387; x_wconf 82' lang='lat' dir='ltr'><strong>poeniS‚</strong></span> <span class='ocrx_word' id='word_1_124' title='bbox 490 1339 615 1386; x_wconf 84' lang='lat' dir='ltr'><strong>quibus</strong></span> <span class='ocrx_word' id='word_1_125' title='bbox 657 1339 746 1374; x_wconf 88' lang='lat' dir='ltr'><strong>servi</strong></span> <span class='ocrx_word' id='word_1_126' title='bbox 780 1339 867 1374; x_wconf 84' lang='lat' dir='ltr'>affici</span> <span class='ocrx_word' id='word_1_127' title='bbox 902 1338 1075 1383; x_wconf 86' lang='lat' dir='ltr'><strong>solebant,</strong></span> <span class='ocrx_word' id='word_1_128' title='bbox 1111 1339 1248 1375; x_wconf 88' lang='lat' dir='ltr'><strong>videtur</strong></span> <span class='ocrx_word' id='word_1_129' title='bbox 1282 1342 1466 1386; x_wconf 83' lang='lat' dir='ltr'><strong>utrumque</strong></span> 
     </span>
     <span class='ocr_line' id='line_1_18' title="bbox 313 1403 1466 1452; baseline 0 -12"><span class='ocrx_word' id='word_1_130' title='bbox 313 1404 457 1441; x_wconf 89' lang='lat' dir='ltr'><strong>verbum</strong></span> <span class='ocrx_word' id='word_1_131' title='bbox 482 1404 540 1440; x_wconf 84' lang='lat' dir='ltr'><strong>hic</strong></span> <span class='ocrx_word' id='word_1_132' title='bbox 556 1404 721 1452; x_wconf 84' lang='lat' dir='ltr'>peculiari</span> <span class='ocrx_word' id='word_1_133' title='bbox 753 1417 855 1439; x_wconf 85' lang='lat' dir='ltr'><strong>sensu</strong></span> <span class='ocrx_word' id='word_1_134' title='bbox 880 1403 1136 1451; x_wconf 85' lang='lat' dir='ltr'><strong>accipiendum,</strong></span> <span class='ocrx_word' id='word_1_135' title='bbox 1164 1408 1204 1439; x_wconf 84' lang='lat' dir='ltr'><strong>ut</strong></span> <span class='ocrx_word' id='word_1_136' title='bbox 1229 1405 1389 1442; x_wconf 78' lang='lat' dir='ltr'><em>bucaedae</em></span> <span class='ocrx_word' id='word_1_137' title='bbox 1414 1404 1466 1440; x_wconf 88' lang='lat' dir='ltr'><strong>di-</strong></span> 
     </span>
     <span class='ocr_line' id='line_1_19' title="bbox 314 1469 1466 1517; baseline 0 -12"><span class='ocrx_word' id='word_1_138' title='bbox 314 1473 454 1514; x_wconf 84' lang='lat' dir='ltr'><strong>cantur,</strong></span> <span class='ocrx_word' id='word_1_139' title='bbox 488 1469 547 1517; x_wconf 90' lang='lat' dir='ltr'><strong>qui</strong></span> <span class='ocrx_word' id='word_1_140' title='bbox 581 1469 664 1505; x_wconf 83' lang='lat' dir='ltr'><strong>loris</strong></span> <span class='ocrx_word' id='word_1_141' title='bbox 690 1469 847 1514; x_wconf 87' lang='lat' dir='ltr'><strong>bubulis,</strong></span> <span class='ocrx_word' id='word_1_142' title='bbox 879 1470 1039 1505; x_wconf 72' lang='lat' dir='ltr'><em>restiones</em></span> <span class='ocrx_word' id='word_1_143' title='bbox 1065 1470 1123 1516; x_wconf 91' lang='lat' dir='ltr'><strong>qui</strong></span> <span class='ocrx_word' id='word_1_144' title='bbox 1149 1470 1298 1507; x_wconf 78' lang='lat' dir='ltr'><strong>restibus</strong></span> <span class='ocrx_word' id='word_1_145' title='bbox 1321 1470 1466 1506; x_wconf 84' lang='lat' dir='ltr'><strong>caedun-</strong></span> 
     </span>
     <span class='ocr_line' id='line_1_20' title="bbox 313 1534 1466 1583; baseline -0.001 -12"><span class='ocrx_word' id='word_1_146' title='bbox 313 1539 381 1571; x_wconf 88' lang='lat' dir='ltr'><strong>tur.</strong></span> <span class='ocrx_word' id='word_1_147' title='bbox 430 1535 486 1571; x_wconf 80' lang='lat' dir='ltr'><strong>Ita</strong></span> <span class='ocrx_word' id='word_1_148' title='bbox 523 1548 642 1571; x_wconf 84' lang='lat' dir='ltr'><strong>sensus</strong></span> <span class='ocrx_word' id='word_1_149' title='bbox 674 1534 759 1578; x_wconf 87' lang='lat' dir='ltr'><strong>erit,</strong></span> <span class='ocrx_word' id='word_1_150' title='bbox 791 1534 979 1570; x_wconf 86' lang='lat' dir='ltr'><strong>secundum</strong></span> <span class='ocrx_word' id='word_1_151' title='bbox 1009 1535 1241 1571; x_wconf 86' lang='lat' dir='ltr'><strong>Gronovium:</strong></span> <span class='ocrx_word' id='word_1_152' title='bbox 1268 1535 1321 1571; x_wconf 91' lang='lat' dir='ltr'><strong>illi</strong></span> <span class='ocrx_word' id='word_1_153' title='bbox 1349 1535 1466 1583; x_wconf 85' lang='lat' dir='ltr'><strong>potius</strong></span> 
     </span>
     <span class='ocr_line' id='line_1_21' title="bbox 313 1599 1466 1647; baseline 0.001 -11"><span class='ocrx_word' id='word_1_154' title='bbox 313 1601 397 1637; x_wconf 86' lang='lat' dir='ltr'><strong>loris</strong></span> <span class='ocrx_word' id='word_1_155' title='bbox 422 1599 563 1636; x_wconf 82' lang='lat' dir='ltr'><strong>bubulis</strong></span> <span class='ocrx_word' id='word_1_156' title='bbox 589 1600 791 1644; x_wconf 80' lang='lat' dir='ltr'><strong>caedentur,</strong></span> <span class='ocrx_word' id='word_1_157' title='bbox 828 1612 928 1646; x_wconf 87' lang='lat' dir='ltr'><strong>quam</strong></span> <span class='ocrx_word' id='word_1_158' title='bbox 957 1612 1019 1647; x_wconf 85' lang='lat' dir='ltr'><strong>ego</strong></span> <span class='ocrx_word' id='word_1_159' title='bbox 1046 1600 1196 1636; x_wconf 86' lang='lat' dir='ltr'><strong>restibus</strong></span> <span class='ocrx_word' id='word_1_160' title='bbox 1222 1600 1357 1645; x_wconf 83' lang='lat' dir='ltr'><strong>caedar,</strong></span> <span class='ocrx_word' id='word_1_161' title='bbox 1385 1600 1409 1636; x_wconf 92' lang='lat' dir='ltr'><strong>i.</strong></span> <span class='ocrx_word' id='word_1_162' title='bbox 1436 1614 1466 1637; x_wconf 88' lang='lat' dir='ltr'><strong>e.</strong></span> 
     </span>
     <span class='ocr_line' id='line_1_22' title="bbox 313 1665 1465 1713; baseline 0 -13"><span class='ocrx_word' id='word_1_163' title='bbox 313 1665 368 1701; x_wconf 89' lang='lat' dir='ltr'><strong>illi</strong></span> <span class='ocrx_word' id='word_1_164' title='bbox 386 1665 496 1701; x_wconf 87' lang='lat' dir='ltr'><strong>multo</strong></span> <span class='ocrx_word' id='word_1_165' title='bbox 514 1665 630 1713; x_wconf 88' lang='lat' dir='ltr'><strong>potius</strong></span> <span class='ocrx_word' id='word_1_166' title='bbox 649 1677 773 1713; x_wconf 82' lang='lat' dir='ltr'><strong>magna</strong></span> <span class='ocrx_word' id='word_1_167' title='bbox 789 1677 900 1713; x_wconf 83' lang='lat' dir='ltr'><strong>poena</strong></span> <span class='ocrx_word' id='word_1_168' title='bbox 917 1665 1123 1709; x_wconf 86' lang='lat' dir='ltr'><strong>afficientur,</strong></span> <span class='ocrx_word' id='word_1_169' title='bbox 1150 1678 1251 1712; x_wconf 84' lang='lat' dir='ltr'><strong>quam</strong></span> <span class='ocrx_word' id='word_1_170' title='bbox 1270 1677 1332 1712; x_wconf 84' lang='lat' dir='ltr'><strong>ego</strong></span> <span class='ocrx_word' id='word_1_171' title='bbox 1350 1677 1465 1712; x_wconf 83' lang='lat' dir='ltr'>parva.</span> 
     </span>
    </p>
   </div>
   <div class='ocr_carea' id='block_1_4' title="bbox 314 1729 1465 1844">
    <p class='ocr_par' dir='ltr' id='par_1_5' title="bbox 314 1729 1465 1844">
     <span class='ocr_line' id='line_1_23' title="bbox 314 1729 1465 1778; baseline -0.002 -12"><span class='ocrx_word' id='word_1_172' title='bbox 314 1729 383 1765; x_wconf 87' lang='lat' dir='ltr'><strong>Pro</strong></span> <span class='ocrx_word' id='word_1_173' title='bbox 409 1730 571 1766; x_wconf 79' lang='lat' dir='ltr'><strong>bucaedae</strong></span> <span class='ocrx_word' id='word_1_174' title='bbox 596 1730 657 1766; x_wconf 80' lang='lat' dir='ltr'><strong>alii</strong></span> <span class='ocrx_word' id='word_1_175' title='bbox 684 1730 837 1773; x_wconf 75' lang='lat' dir='ltr'><em>buc-idae,</em></span> <span class='ocrx_word' id='word_1_176' title='bbox 878 1729 985 1765; x_wconf 83' lang='lat' dir='ltr'><strong>simili</strong></span> <span class='ocrx_word' id='word_1_177' title='bbox 1012 1730 1177 1766; x_wconf 80' lang='lat' dir='ltr'><strong>varietate</strong></span> <span class='ocrx_word' id='word_1_178' title='bbox 1203 1743 1269 1777; x_wconf 88' lang='lat' dir='ltr'><strong>qua</strong></span> <span class='ocrx_word' id='word_1_179' title='bbox 1296 1742 1398 1778; x_wconf 87' lang='lat' dir='ltr'>supra</span> <span class='ocrx_word' id='word_1_180' title='bbox 1415 1742 1465 1765; x_wconf 88' lang='lat' dir='ltr'><strong>vs.</strong></span> 
     </span>
     <span class='ocr_line' id='line_1_24' title="bbox 316 1796 909 1844; baseline 0.002 -15"><span class='ocrx_word' id='word_1_181' title='bbox 316 1796 386 1830; x_wconf 81' lang='lat'><strong>158</strong></span> <span class='ocrx_word' id='word_1_182' title='bbox 417 1796 588 1844; x_wconf 69' lang='lat' dir='ltr'><em>defle-atam</em></span> <span class='ocrx_word' id='word_1_183' title='bbox 616 1796 669 1831; x_wconf 89' lang='lat' dir='ltr'><strong>vel</strong></span> <span class='ocrx_word' id='word_1_184' title='bbox 695 1796 909 1843; x_wconf 75' lang='lat' dir='ltr'><em>des&#39;aeeatem.</em></span> 
     </span>
    </p>
   </div>
  </div>
 </body>
</html>
