<?xml version="1.0" encoding="UTF-8"?>
<!DOCTYPE html PUBLIC "-//W3C//DTD XHTML 1.0 Transitional//EN"
    "http://www.w3.org/TR/xhtml1/DTD/xhtml1-transitional.dtd">
<html xmlns="http://www.w3.org/1999/xhtml" xml:lang="en" lang="en">
 <head>
  <title>
</title>
<meta http-equiv="Content-Type" content="text/html;charset=utf-8" />
  <meta name='ocr-system' content='tesseract 3.04.00' />
  <meta name='ocr-capabilities' content='ocr_page ocr_carea ocr_par ocr_line ocrx_word'/>
</head>
<body>
  <div class='ocr_page' id='page_1' title='image "4737243_0076.png"; bbox 0 0 1752 2978; ppageno 0'>
   <div class='ocr_carea' id='block_1_1' title="bbox 862 252 907 285">
    <p class='ocr_par' dir='ltr' id='par_1_1' title="bbox 862 252 907 285">
     <span class='ocr_line' id='line_1_1' title="bbox 862 252 907 285; baseline 0 0"><span class='ocrx_word' id='word_1_1' title='bbox 862 252 907 285; x_wconf 77' lang='lat'><strong>64</strong></span> 
     </span>
    </p>
   </div>
   <div class='ocr_carea' id='block_1_2' title="bbox 298 341 1463 2276">
    <p class='ocr_par' dir='ltr' id='par_1_2' title="bbox 304 341 1463 780">
     <span class='ocr_line' id='line_1_2' title="bbox 305 341 1461 389; baseline 0.001 -12"><span class='ocrx_word' id='word_1_2' title='bbox 305 342 417 389; x_wconf 84' lang='lat' dir='ltr'><strong>placet</strong></span> <span class='ocrx_word' id='word_1_3' title='bbox 449 354 524 377; x_wconf 87' lang='lat' dir='ltr'><strong>cum</strong></span> <span class='ocrx_word' id='word_1_4' title='bbox 561 341 632 377; x_wconf 88' lang='lat' dir='ltr'><strong>illis</strong></span> <span class='ocrx_word' id='word_1_5' title='bbox 667 342 748 378; x_wconf 89' lang='lat' dir='ltr'><strong>haec</strong></span> <span class='ocrx_word' id='word_1_6' title='bbox 775 341 876 376; x_wconf 86' lang='lat' dir='ltr'><strong>verba</strong></span> <span class='ocrx_word' id='word_1_7' title='bbox 902 341 1054 377; x_wconf 83' lang='lat' dir='ltr'><strong>tribuere</strong></span> <span class='ocrx_word' id='word_1_8' title='bbox 1081 342 1141 377; x_wconf 89' lang='lat' dir='ltr'><strong>uni</strong></span> <span class='ocrx_word' id='word_1_9' title='bbox 1161 354 1279 377; x_wconf 84' lang='lat' dir='ltr'><strong>eorum</strong></span> <span class='ocrx_word' id='word_1_10' title='bbox 1305 342 1365 388; x_wconf 93' lang='lat' dir='ltr'><strong>qui</strong></span> <span class='ocrx_word' id='word_1_11' title='bbox 1407 343 1461 378; x_wconf 91' lang='lat' dir='ltr'><strong>in-</strong></span> 
     </span>
     <span class='ocr_line' id='line_1_3' title="bbox 305 406 1461 457; baseline 0.002 -15"><span class='ocrx_word' id='word_1_12' title='bbox 305 414 361 443; x_wconf 82' lang='lat' dir='ltr'><strong>tus</strong></span> <span class='ocrx_word' id='word_1_13' title='bbox 397 410 510 451; x_wconf 87' lang='lat' dir='ltr'><strong>erant,</strong></span> <span class='ocrx_word' id='word_1_14' title='bbox 546 407 690 443; x_wconf 87' lang='lat' dir='ltr'><strong>fortasse</strong></span> <span class='ocrx_word' id='word_1_15' title='bbox 726 406 936 451; x_wconf 84' lang='lat' dir='ltr'><strong>Philolachi,</strong></span> <span class='ocrx_word' id='word_1_16' title='bbox 964 407 1023 453; x_wconf 89' lang='lat' dir='ltr'><strong>qui</strong></span> <span class='ocrx_word' id='word_1_17' title='bbox 1051 406 1216 443; x_wconf 81' lang='lat' dir='ltr'><strong>nimirum</strong></span> <span class='ocrx_word' id='word_1_18' title='bbox 1243 407 1330 443; x_wconf 90' lang='lat' dir='ltr'><strong>scire</strong></span> <span class='ocrx_word' id='word_1_19' title='bbox 1357 420 1461 457; x_wconf 87' lang='lat' dir='ltr'><strong>cupe-</strong></span> 
     </span>
     <span class='ocr_line' id='line_1_4' title="bbox 305 473 1463 520; baseline 0.001 -12"><span class='ocrx_word' id='word_1_20' title='bbox 305 477 358 508; x_wconf 99' lang='lat' dir='ltr'><strong>ret</strong></span> <span class='ocrx_word' id='word_1_21' title='bbox 383 486 450 520; x_wconf 92' lang='lat' dir='ltr'><strong>quo</strong></span> <span class='ocrx_word' id='word_1_22' title='bbox 469 473 506 508; x_wconf 91' lang='lat' dir='ltr'><strong>in</strong></span> <span class='ocrx_word' id='word_1_23' title='bbox 533 473 609 508; x_wconf 92' lang='lat' dir='ltr'><strong>loco</strong></span> <span class='ocrx_word' id='word_1_24' title='bbox 636 487 689 509; x_wconf 89' lang='lat' dir='ltr'><strong>res</strong></span> <span class='ocrx_word' id='word_1_25' title='bbox 716 477 814 509; x_wconf 88' lang='lat' dir='ltr'><strong>esset.</strong></span> <span class='ocrx_word' id='word_1_26' title='bbox 842 473 954 518; x_wconf 76' lang='lat' dir='ltr'><strong>Quem</strong></span> <span class='ocrx_word' id='word_1_27' title='bbox 981 479 1056 508; x_wconf 89' lang='lat' dir='ltr'><strong>tum</strong></span> <span class='ocrx_word' id='word_1_28' title='bbox 1083 486 1200 509; x_wconf 86' lang='lat' dir='ltr'><strong>servus</strong></span> <span class='ocrx_word' id='word_1_29' title='bbox 1225 476 1342 509; x_wconf 87' lang='lat' dir='ltr'><strong>monet</strong></span> <span class='ocrx_word' id='word_1_30' title='bbox 1361 486 1405 509; x_wconf 89' lang='lat' dir='ltr'><strong>ne</strong></span> <span class='ocrx_word' id='word_1_31' title='bbox 1427 486 1463 509; x_wconf 90' lang='lat' dir='ltr'><strong>se</strong></span> 
     </span>
     <span class='ocr_line' id='line_1_5' title="bbox 305 537 1463 586; baseline 0.001 -13"><span class='ocrx_word' id='word_1_32' title='bbox 305 539 472 586; x_wconf 88' lang='lat' dir='ltr'><strong>appellet,</strong></span> <span class='ocrx_word' id='word_1_33' title='bbox 500 539 628 574; x_wconf 84' lang='lat' dir='ltr'><strong>timens</strong></span> <span class='ocrx_word' id='word_1_34' title='bbox 668 551 710 573; x_wconf 91' lang='lat' dir='ltr'><strong>ne</strong></span> <span class='ocrx_word' id='word_1_35' title='bbox 751 538 811 574; x_wconf 82' lang='lat' dir='ltr'><strong>tali</strong></span> <span class='ocrx_word' id='word_1_36' title='bbox 852 537 980 573; x_wconf 87' lang='lat' dir='ltr'><strong>indicio</strong></span> <span class='ocrx_word' id='word_1_37' title='bbox 1015 541 1215 585; x_wconf 81' lang='lat' dir='ltr'><strong>argueretur</strong></span> <span class='ocrx_word' id='word_1_38' title='bbox 1254 541 1289 573; x_wconf 88' lang='lat' dir='ltr'><strong>et</strong></span> <span class='ocrx_word' id='word_1_39' title='bbox 1328 550 1349 573; x_wconf 92' lang='lat' dir='ltr'><strong>a</strong></span> <span class='ocrx_word' id='word_1_40' title='bbox 1381 550 1463 574; x_wconf 86' lang='lat' dir='ltr'><strong>sene</strong></span> 
     </span>
     <span class='ocr_line' id='line_1_6' title="bbox 304 603 1461 651; baseline -0.001 -12"><span class='ocrx_word' id='word_1_41' title='bbox 304 604 340 639; x_wconf 90' lang='lat' dir='ltr'><strong>in</strong></span> <span class='ocrx_word' id='word_1_42' title='bbox 368 604 551 639; x_wconf 86' lang='lat' dir='ltr'><strong>manifesto</strong></span> <span class='ocrx_word' id='word_1_43' title='bbox 577 604 754 639; x_wconf 84' lang='lat' dir='ltr'><strong>mendacio</strong></span> <span class='ocrx_word' id='word_1_44' title='bbox 781 603 1109 651; x_wconf 81' lang='lat' dir='ltr'><strong>deprehenderetur,</strong></span> <span class='ocrx_word' id='word_1_45' title='bbox 1133 616 1235 649; x_wconf 88' lang='lat' dir='ltr'><strong>quam</strong></span> <span class='ocrx_word' id='word_1_46' title='bbox 1262 603 1306 638; x_wconf 93' lang='lat' dir='ltr'><strong>ob</strong></span> <span class='ocrx_word' id='word_1_47' title='bbox 1325 616 1461 639; x_wconf 80' lang='lat' dir='ltr'><strong>causam</strong></span> 
     </span>
     <span class='ocr_line' id='line_1_7' title="bbox 304 667 1462 716; baseline -0.002 -12"><span class='ocrx_word' id='word_1_48' title='bbox 304 669 409 704; x_wconf 84' lang='lat' dir='ltr'><strong>etiam</strong></span> <span class='ocrx_word' id='word_1_49' title='bbox 445 670 544 716; x_wconf 85' lang='lat' dir='ltr'><strong>fingit</strong></span> <span class='ocrx_word' id='word_1_50' title='bbox 580 669 667 703; x_wconf 88' lang='lat' dir='ltr'><strong>illud</strong></span> <span class='ocrx_word' id='word_1_51' title='bbox 703 672 876 716; x_wconf 82' lang='lat' dir='ltr'><strong>spectrum</strong></span> <span class='ocrx_word' id='word_1_52' title='bbox 916 680 1030 703; x_wconf 87' lang='lat' dir='ltr'><strong>secum</strong></span> <span class='ocrx_word' id='word_1_53' title='bbox 1068 668 1176 714; x_wconf 91' lang='lat' dir='ltr'><strong>loqui.</strong></span> <span class='ocrx_word' id='word_1_54' title='bbox 1223 667 1275 703; x_wconf 87' lang='lat' dir='ltr'><strong>Cf.</strong></span> <span class='ocrx_word' id='word_1_55' title='bbox 1300 680 1350 704; x_wconf 88' lang='lat' dir='ltr'><strong>vs.</strong></span> <span class='ocrx_word' id='word_1_56' title='bbox 1379 669 1462 703; x_wconf 77' lang='lat'>520.</span> 
     </span>
     <span class='ocr_line' id='line_1_8' title="bbox 404 734 641 780; baseline 0.004 -12"><span class='ocrx_word' id='word_1_57' title='bbox 404 734 465 770; x_wconf 89' lang='lat' dir='ltr'><strong>Vs.</strong></span> <span class='ocrx_word' id='word_1_58' title='bbox 493 736 563 770; x_wconf 87' lang='grc'><strong>517</strong></span> <span class='ocrx_word' id='word_1_59' title='bbox 592 746 641 780; x_wconf 90' lang='lat' dir='ltr'><strong>sq.</strong></span> 
     </span>
    </p>

    <p class='ocr_par' dir='ltr' id='par_1_3' title="bbox 302 796 1460 1107">
     <span class='ocr_line' id='line_1_9' title="bbox 302 796 1413 846; baseline -0.002 -12"><span class='ocrx_word' id='word_1_60' title='bbox 302 800 368 834; x_wconf 84' lang='grc' dir='ltr'><strong>ΤΗ.</strong></span> <span class='ocrx_word' id='word_1_61' title='bbox 401 798 530 843; x_wconf 73' lang='lat' dir='ltr'><strong>Quaeso</strong></span> <span class='ocrx_word' id='word_1_62' title='bbox 556 799 639 845; x_wconf 81' lang='lat' dir='ltr'><strong>quid</strong></span> <span class='ocrx_word' id='word_1_63' title='bbox 666 799 767 845; x_wconf 71' lang='lat' dir='ltr'><strong>[istac</strong></span> <span class='ocrx_word' id='word_1_64' title='bbox 793 798 868 834; x_wconf 75' lang='lat' dir='ltr'><strong>est?</strong></span> <span class='ocrx_word' id='word_1_65' title='bbox 898 812 981 846; x_wconf 81' lang='lat' dir='ltr'><strong>quor</strong></span> <span class='ocrx_word' id='word_1_66' title='bbox 1007 799 1200 846; x_wconf 69' lang='lat' dir='ltr'><strong>sermonem]</strong></span> <span class='ocrx_word' id='word_1_67' title='bbox 1228 796 1413 844; x_wconf 72' lang='lat' dir='ltr'><strong>seqreqas?</strong></span> 
     </span>
     <span class='ocr_line' id='line_1_10' title="bbox 306 864 1459 912; baseline 0 -12"><span class='ocrx_word' id='word_1_68' title='bbox 306 865 385 912; x_wconf 67' lang='grc' dir='ltr'><strong>[ΤΒ.</strong></span> <span class='ocrx_word' id='word_1_69' title='bbox 415 866 501 900; x_wconf 82' lang='lat' dir='ltr'><strong>Cave</strong></span> <span class='ocrx_word' id='word_1_70' title='bbox 526 866 658 900; x_wconf 79' lang='lat' dir='ltr'><strong>verbum</strong></span> <span class='ocrx_word' id='word_1_71' title='bbox 673 865 790 912; x_wconf 70' lang='lat' dir='ltr'><strong>faxis.</strong></span> <span class='ocrx_word' id='word_1_72' title='bbox 817 865 884 901; x_wconf 77' lang='grc' dir='ltr'><strong>ΤΗ.</strong></span> <span class='ocrx_word' id='word_1_73' title='bbox 907 865 1001 909; x_wconf 79' lang='lat' dir='ltr'><strong>Quae</strong></span> <span class='ocrx_word' id='word_1_74' title='bbox 1018 866 1052 911; x_wconf 74' lang='lat' dir='ltr'><strong>r]</strong></span> <span class='ocrx_word' id='word_1_75' title='bbox 1072 877 1106 900; x_wconf 69' lang='lat' dir='ltr'><strong>es</strong></span> <span class='ocrx_word' id='word_1_76' title='bbox 1124 869 1156 900; x_wconf 81' lang='lat' dir='ltr'><strong>te</strong></span> <span class='ocrx_word' id='word_1_77' title='bbox 1173 864 1300 910; x_wconf 72' lang='lat' dir='ltr'><strong>aqitat,</strong></span> <span class='ocrx_word' id='word_1_78' title='bbox 1324 864 1459 900; x_wconf 81' lang='lat' dir='ltr'><strong>Tranio.</strong></span> 
     </span>
     <span class='ocr_line' id='line_1_11' title="bbox 304 929 1460 977; baseline -0.001 -12"><span class='ocrx_word' id='word_1_79' title='bbox 304 930 354 966; x_wconf 86' lang='lat' dir='ltr'><strong>Hi</strong></span> <span class='ocrx_word' id='word_1_80' title='bbox 389 943 506 965; x_wconf 87' lang='lat' dir='ltr'><strong>versus</strong></span> <span class='ocrx_word' id='word_1_81' title='bbox 541 930 578 965; x_wconf 92' lang='lat' dir='ltr'><strong>in</strong></span> <span class='ocrx_word' id='word_1_82' title='bbox 615 930 776 977; x_wconf 85' lang='lat' dir='ltr'><strong>plurimis</strong></span> <span class='ocrx_word' id='word_1_83' title='bbox 803 930 1016 965; x_wconf 81' lang='lat' dir='ltr'><strong>editionibus</strong></span> <span class='ocrx_word' id='word_1_84' title='bbox 1042 942 1111 965; x_wconf 88' lang='lat' dir='ltr'><strong>uno</strong></span> <span class='ocrx_word' id='word_1_85' title='bbox 1138 942 1239 964; x_wconf 86' lang='lat' dir='ltr'><strong>versu</strong></span> <span class='ocrx_word' id='word_1_86' title='bbox 1266 929 1460 965; x_wconf 84' lang='lat' dir='ltr'><strong>continuati</strong></span> 
     </span>
     <span class='ocr_line' id='line_1_12' title="bbox 302 994 1458 1041; baseline 0 -12"><span class='ocrx_word' id='word_1_87' title='bbox 302 995 484 1041; x_wconf 84' lang='lat' dir='ltr'><strong>leguntur,</strong></span> <span class='ocrx_word' id='word_1_88' title='bbox 512 1007 630 1029; x_wconf 86' lang='lat' dir='ltr'><strong>verum</strong></span> <span class='ocrx_word' id='word_1_89' title='bbox 657 995 693 1030; x_wconf 92' lang='lat' dir='ltr'><strong>in</strong></span> <span class='ocrx_word' id='word_1_90' title='bbox 721 994 831 1029; x_wconf 86' lang='lat' dir='ltr'><strong>tribus</strong></span> <span class='ocrx_word' id='word_1_91' title='bbox 858 995 1034 1030; x_wconf 84' lang='lat' dir='ltr'><strong>codicibus</strong></span> <span class='ocrx_word' id='word_1_92' title='bbox 1052 994 1101 1037; x_wconf 89' lang='lat' dir='ltr'><strong>B,</strong></span> <span class='ocrx_word' id='word_1_93' title='bbox 1123 994 1166 1038; x_wconf 88' lang='lat' dir='ltr'><strong>C,</strong></span> <span class='ocrx_word' id='word_1_94' title='bbox 1186 994 1217 1029; x_wconf 95' lang='lat' dir='ltr'>D</span> <span class='ocrx_word' id='word_1_95' title='bbox 1235 994 1384 1041; x_wconf 87' lang='lat' dir='ltr'><strong>vestigia</strong></span> <span class='ocrx_word' id='word_1_96' title='bbox 1403 1007 1458 1029; x_wconf 89' lang='lat' dir='ltr'><strong>su-</strong></span> 
     </span>
     <span class='ocr_line' id='line_1_13' title="bbox 304 1060 1062 1107; baseline 0 -12"><span class='ocrx_word' id='word_1_97' title='bbox 304 1064 448 1107; x_wconf 90' lang='lat' dir='ltr'><strong>persunt</strong></span> <span class='ocrx_word' id='word_1_98' title='bbox 472 1060 618 1096; x_wconf 90' lang='lat' dir='ltr'><strong>duorum</strong></span> <span class='ocrx_word' id='word_1_99' title='bbox 645 1073 823 1103; x_wconf 85' lang='lat' dir='ltr'><strong>versuum,</strong></span> <span class='ocrx_word' id='word_1_100' title='bbox 851 1061 916 1095; x_wconf 91' lang='lat' dir='ltr'><strong>hoc</strong></span> <span class='ocrx_word' id='word_1_101' title='bbox 942 1060 1062 1095; x_wconf 88' lang='lat' dir='ltr'><strong>modo:</strong></span> 
     </span>
    </p>

    <p class='ocr_par' dir='ltr' id='par_1_4' title="bbox 358 1124 1257 1170">
     <span class='ocr_line' id='line_1_14' title="bbox 358 1124 1257 1170; baseline 0.001 -11"><span class='ocrx_word' id='word_1_102' title='bbox 358 1124 464 1168; x_wconf 75' lang='lat' dir='ltr'><strong>Queso</strong></span> <span class='ocrx_word' id='word_1_103' title='bbox 493 1152 949 1159; x_wconf 89' lang='grc'><strong>.............</strong></span> <span class='ocrx_word' id='word_1_104' title='bbox 982 1124 1075 1169; x_wconf 83' lang='lat' dir='ltr'><strong>Quid</strong></span> <span class='ocrx_word' id='word_1_105' title='bbox 1098 1137 1257 1170; x_wconf 47' lang='grc' dir='ltr'><strong>«νᾶφε-963.</strong></span> 
     </span>
    </p>

    <p class='ocr_par' dir='ltr' id='par_1_5' title="bbox 303 1191 1318 1303">
     <span class='ocr_line' id='line_1_15' title="bbox 379 1191 1318 1235; baseline -0.001 -8"><span class='ocrx_word' id='word_1_106' title='bbox 379 1218 945 1227; x_wconf 91' lang='grc'><strong>................</strong></span> <span class='ocrx_word' id='word_1_107' title='bbox 974 1195 1041 1226; x_wconf 74' lang='lat' dir='ltr'><strong>este</strong></span> <span class='ocrx_word' id='word_1_108' title='bbox 1068 1191 1178 1235; x_wconf 68' lang='lat' dir='ltr'><strong>aqitat</strong></span> <span class='ocrx_word' id='word_1_109' title='bbox 1206 1191 1318 1226; x_wconf 72' lang='lat' dir='ltr'><strong>traaio</strong></span> 
     </span>
     <span class='ocr_line' id='line_1_16' title="bbox 303 1255 1040 1303; baseline -0.001 -12"><span class='ocrx_word' id='word_1_110' title='bbox 303 1257 394 1291; x_wconf 87' lang='lat' dir='ltr'><strong>unde</strong></span> <span class='ocrx_word' id='word_1_111' title='bbox 422 1256 524 1303; x_wconf 87' lang='lat' dir='ltr'><strong>vulgo</strong></span> <span class='ocrx_word' id='word_1_112' title='bbox 551 1256 608 1290; x_wconf 87' lang='lat' dir='ltr'><strong>hic</strong></span> <span class='ocrx_word' id='word_1_113' title='bbox 633 1268 750 1291; x_wconf 86' lang='lat' dir='ltr'><strong>versus</strong></span> <span class='ocrx_word' id='word_1_114' title='bbox 775 1255 943 1291; x_wconf 89' lang='lat' dir='ltr'><strong>conflatus</strong></span> <span class='ocrx_word' id='word_1_115' title='bbox 970 1259 1040 1290; x_wconf 86' lang='lat' dir='ltr'><strong>est:</strong></span> 
     </span>
    </p>

    <p class='ocr_par' dir='ltr' id='par_1_6' title="bbox 298 1319 1458 2276">
     <span class='ocr_line' id='line_1_17' title="bbox 358 1319 1409 1367; baseline 0 -11"><span class='ocrx_word' id='word_1_116' title='bbox 358 1321 504 1365; x_wconf 70' lang='lat' dir='ltr'><strong>Quaeso,</strong></span> <span class='ocrx_word' id='word_1_117' title='bbox 532 1321 615 1367; x_wconf 76' lang='lat' dir='ltr'><strong>quid</strong></span> <span class='ocrx_word' id='word_1_118' title='bbox 636 1333 733 1367; x_wconf 73' lang='lat' dir='ltr'><strong>aeyre</strong></span> <span class='ocrx_word' id='word_1_119' title='bbox 753 1319 829 1356; x_wconf 70' lang='lat' dir='ltr'><strong>est?</strong></span> <span class='ocrx_word' id='word_1_120' title='bbox 853 1333 938 1367; x_wconf 80' lang='lat' dir='ltr'><strong>quae</strong></span> <span class='ocrx_word' id='word_1_121' title='bbox 961 1333 1014 1356; x_wconf 72' lang='lat' dir='ltr'><strong>res</strong></span> <span class='ocrx_word' id='word_1_122' title='bbox 1037 1325 1071 1356; x_wconf 74' lang='lat' dir='ltr'><strong>te</strong></span> <span class='ocrx_word' id='word_1_123' title='bbox 1096 1321 1223 1366; x_wconf 73' lang='lat' dir='ltr'><strong>ayitat,</strong></span> <span class='ocrx_word' id='word_1_124' title='bbox 1257 1320 1409 1357; x_wconf 73' lang='lat' dir='ltr'><strong>Tranio?</strong></span> 
     </span>
     <span class='ocr_line' id='line_1_18' title="bbox 304 1385 1456 1432; baseline -0.001 -11"><span class='ocrx_word' id='word_1_125' title='bbox 304 1399 423 1421; x_wconf 89' lang='lat' dir='ltr'><strong>verum</strong></span> <span class='ocrx_word' id='word_1_126' title='bbox 462 1398 581 1421; x_wconf 88' lang='lat' dir='ltr'><strong>sensus</strong></span> <span class='ocrx_word' id='word_1_127' title='bbox 619 1385 774 1432; x_wconf 89' lang='lat' dir='ltr'><strong>postulat</strong></span> <span class='ocrx_word' id='word_1_128' title='bbox 813 1389 853 1421; x_wconf 85' lang='lat' dir='ltr'><strong>ut</strong></span> <span class='ocrx_word' id='word_1_129' title='bbox 890 1389 1080 1421; x_wconf 76' lang='lat' dir='ltr'><strong>statuamus</strong></span> <span class='ocrx_word' id='word_1_130' title='bbox 1115 1385 1247 1431; x_wconf 88' lang='lat' dir='ltr'><strong>aliquid</strong></span> <span class='ocrx_word' id='word_1_131' title='bbox 1281 1385 1456 1421; x_wconf 87' lang='lat' dir='ltr'><strong>excidisse.</strong></span> 
     </span>
     <span class='ocr_line' id='line_1_19' title="bbox 303 1449 1458 1496; baseline 0 -11"><span class='ocrx_word' id='word_1_132' title='bbox 303 1450 460 1486; x_wconf 88' lang='lat' dir='ltr'><strong>Primum</strong></span> <span class='ocrx_word' id='word_1_133' title='bbox 474 1449 600 1485; x_wconf 83' lang='lat' dir='ltr'><strong>Tranio</strong></span> <span class='ocrx_word' id='word_1_134' title='bbox 614 1449 656 1485; x_wconf 90' lang='lat' dir='ltr'><strong>ad</strong></span> <span class='ocrx_word' id='word_1_135' title='bbox 672 1449 907 1485; x_wconf 83' lang='lat' dir='ltr'><strong>Philolachem</strong></span> <span class='ocrx_word' id='word_1_136' title='bbox 921 1450 974 1484; x_wconf 84' lang='lat' dir='ltr'><strong>vel</strong></span> <span class='ocrx_word' id='word_1_137' title='bbox 996 1463 1102 1485; x_wconf 90' lang='lat' dir='ltr'><strong>unum</strong></span> <span class='ocrx_word' id='word_1_138' title='bbox 1124 1463 1260 1493; x_wconf 85' lang='lat' dir='ltr'><strong>eorum,</strong></span> <span class='ocrx_word' id='word_1_139' title='bbox 1285 1450 1343 1496; x_wconf 89' lang='lat' dir='ltr'><strong>qui</strong></span> <span class='ocrx_word' id='word_1_140' title='bbox 1363 1450 1458 1485; x_wconf 88' lang='lat' dir='ltr'><strong>intus</strong></span> 
     </span>
     <span class='ocr_line' id='line_1_20' title="bbox 301 1514 1456 1562; baseline 0 -12"><span class='ocrx_word' id='word_1_141' title='bbox 301 1518 417 1558; x_wconf 81' lang='lat' dir='ltr'><strong>erant,</strong></span> <span class='ocrx_word' id='word_1_142' title='bbox 439 1514 622 1562; x_wconf 87' lang='lat' dir='ltr'><strong>separatim</strong></span> <span class='ocrx_word' id='word_1_143' title='bbox 643 1514 746 1549; x_wconf 89' lang='lat' dir='ltr'><strong>verba</strong></span> <span class='ocrx_word' id='word_1_144' title='bbox 772 1514 897 1549; x_wconf 84' lang='lat' dir='ltr'><strong>fecerat</strong></span> <span class='ocrx_word' id='word_1_145' title='bbox 920 1516 981 1561; x_wconf 72' lang='lat' dir='ltr'>(vS.</span> <span class='ocrx_word' id='word_1_146' title='bbox 1011 1516 1081 1549; x_wconf 86' lang='lat'><strong>515</strong></span> <span class='ocrx_word' id='word_1_147' title='bbox 1103 1515 1181 1561; x_wconf 87' lang='lat' dir='ltr'><strong>sq.).</strong></span> <span class='ocrx_word' id='word_1_148' title='bbox 1205 1515 1456 1562; x_wconf 72' lang='grc' dir='ltr'><strong>Τ110111οΡ1ᾶο5,</strong></span> 
     </span>
     <span class='ocr_line' id='line_1_21' title="bbox 301 1579 1458 1627; baseline 0 -13"><span class='ocrx_word' id='word_1_149' title='bbox 301 1580 360 1626; x_wconf 92' lang='lat' dir='ltr'><strong>qui</strong></span> <span class='ocrx_word' id='word_1_150' title='bbox 394 1593 472 1615; x_wconf 89' lang='lat' dir='ltr'><strong>cum</strong></span> <span class='ocrx_word' id='word_1_151' title='bbox 505 1592 544 1614; x_wconf 88' lang='lat' dir='ltr'><strong>eo</strong></span> <span class='ocrx_word' id='word_1_152' title='bbox 577 1580 649 1627; x_wconf 88' lang='lat' dir='ltr'><strong>jam</strong></span> <span class='ocrx_word' id='word_1_153' title='bbox 684 1579 744 1614; x_wconf 88' lang='lat' dir='ltr'><strong>diu</strong></span> <span class='ocrx_word' id='word_1_154' title='bbox 769 1579 1017 1614; x_wconf 83' lang='lat' dir='ltr'><strong>sermocinatus</strong></span> <span class='ocrx_word' id='word_1_155' title='bbox 1052 1583 1125 1614; x_wconf 87' lang='lat' dir='ltr'><strong>erat</strong></span> <span class='ocrx_word' id='word_1_156' title='bbox 1156 1592 1266 1625; x_wconf 88' lang='lat' dir='ltr'><strong>neque</strong></span> <span class='ocrx_word' id='word_1_157' title='bbox 1289 1580 1458 1627; x_wconf 84' lang='lat' dir='ltr'><strong>explicare</strong></span> 
     </span>
     <span class='ocr_line' id='line_1_22' title="bbox 300 1643 1455 1692; baseline 0 -13"><span class='ocrx_word' id='word_1_158' title='bbox 300 1648 453 1692; x_wconf 86' lang='lat' dir='ltr'><strong>poterat,</strong></span> <span class='ocrx_word' id='word_1_159' title='bbox 494 1644 577 1690; x_wconf 90' lang='lat' dir='ltr'><strong>quid</strong></span> <span class='ocrx_word' id='word_1_160' title='bbox 612 1647 702 1679; x_wconf 75' lang='lat' dir='ltr'><strong>esset</strong></span> <span class='ocrx_word' id='word_1_161' title='bbox 735 1656 794 1679; x_wconf 88' lang='lat' dir='ltr'><strong>cur</strong></span> <span class='ocrx_word' id='word_1_162' title='bbox 827 1656 944 1679; x_wconf 85' lang='lat' dir='ltr'><strong>servus</strong></span> <span class='ocrx_word' id='word_1_163' title='bbox 979 1643 1022 1678; x_wconf 91' lang='lat' dir='ltr'><strong>ad</strong></span> <span class='ocrx_word' id='word_1_164' title='bbox 1048 1644 1155 1679; x_wconf 88' lang='lat' dir='ltr'><strong>alium</strong></span> <span class='ocrx_word' id='word_1_165' title='bbox 1183 1644 1285 1680; x_wconf 87' lang='lat' dir='ltr'><strong>verba</strong></span> <span class='ocrx_word' id='word_1_166' title='bbox 1312 1645 1455 1688; x_wconf 86' lang='lat' dir='ltr'><strong>faceret,</strong></span> 
     </span>
     <span class='ocr_line' id='line_1_23' title="bbox 299 1709 1456 1756; baseline -0.001 -12"><span class='ocrx_word' id='word_1_167' title='bbox 299 1722 371 1745; x_wconf 91' lang='lat' dir='ltr'><strong>non</strong></span> <span class='ocrx_word' id='word_1_168' title='bbox 395 1709 512 1756; x_wconf 86' lang='lat' dir='ltr'><strong>potuit</strong></span> <span class='ocrx_word' id='word_1_169' title='bbox 528 1721 599 1744; x_wconf 89' lang='lat' dir='ltr'><strong>non</strong></span> <span class='ocrx_word' id='word_1_170' title='bbox 625 1722 703 1744; x_wconf 89' lang='lat' dir='ltr'><strong>eum</strong></span> <span class='ocrx_word' id='word_1_171' title='bbox 730 1721 849 1755; x_wconf 83' lang='lat' dir='ltr'><strong>rogare</strong></span> <span class='ocrx_word' id='word_1_172' title='bbox 875 1721 1012 1744; x_wconf 88' lang='lat' dir='ltr'><strong>causam</strong></span> <span class='ocrx_word' id='word_1_173' title='bbox 1039 1709 1141 1756; x_wconf 86' lang='lat' dir='ltr'><strong>hujus</strong></span> <span class='ocrx_word' id='word_1_174' title='bbox 1167 1709 1233 1752; x_wconf 89' lang='lat' dir='ltr'><strong>rei,</strong></span> <span class='ocrx_word' id='word_1_175' title='bbox 1263 1709 1354 1755; x_wconf 88' lang='lat' dir='ltr'><strong>quod</strong></span> <span class='ocrx_word' id='word_1_176' title='bbox 1373 1710 1456 1745; x_wconf 88' lang='lat' dir='ltr'><strong>facit</strong></span> 
     </span>
     <span class='ocr_line' id='line_1_24' title="bbox 301 1773 1455 1821; baseline -0.001 -11"><span class='ocrx_word' id='word_1_177' title='bbox 301 1788 351 1810; x_wconf 88' lang='lat' dir='ltr'><strong>vs.</strong></span> <span class='ocrx_word' id='word_1_178' title='bbox 380 1775 469 1818; x_wconf 83' lang='lat'>517;</span> <span class='ocrx_word' id='word_1_179' title='bbox 496 1774 594 1821; x_wconf 90' lang='lat' dir='ltr'><strong>cujus</strong></span> <span class='ocrx_word' id='word_1_180' title='bbox 621 1773 729 1821; x_wconf 85' lang='lat' dir='ltr'><strong>igitur</strong></span> <span class='ocrx_word' id='word_1_181' title='bbox 747 1786 864 1809; x_wconf 88' lang='lat' dir='ltr'><strong>versus</strong></span> <span class='ocrx_word' id='word_1_182' title='bbox 891 1773 1170 1821; x_wconf 87' lang='lat' dir='ltr'><strong>supplementum</strong></span> <span class='ocrx_word' id='word_1_183' title='bbox 1195 1774 1324 1809; x_wconf 85' lang='lat' dir='ltr'><strong>factum</strong></span> <span class='ocrx_word' id='word_1_184' title='bbox 1342 1788 1361 1810; x_wconf 94' lang='lat' dir='ltr'><strong>a</strong></span> <span class='ocrx_word' id='word_1_185' title='bbox 1379 1774 1455 1809; x_wconf 82' lang='lat' dir='ltr'><strong>Rit-</strong></span> 
     </span>
     <span class='ocr_line' id='line_1_25' title="bbox 301 1838 1453 1888; baseline 0.001 -14"><span class='ocrx_word' id='word_1_186' title='bbox 301 1840 429 1875; x_wconf 88' lang='lat' dir='ltr'><strong>schelio</strong></span> <span class='ocrx_word' id='word_1_187' title='bbox 455 1839 670 1886; x_wconf 88' lang='lat' dir='ltr'><strong>probandum</strong></span> <span class='ocrx_word' id='word_1_188' title='bbox 696 1851 828 1874; x_wconf 89' lang='lat' dir='ltr'><strong>censeo.</strong></span> <span class='ocrx_word' id='word_1_189' title='bbox 855 1838 885 1874; x_wconf 84' lang='lat' dir='ltr'><strong>E</strong></span> <span class='ocrx_word' id='word_1_190' title='bbox 910 1839 1066 1886; x_wconf 82' lang='lat' dir='ltr'><strong>vestigiis</strong></span> <span class='ocrx_word' id='word_1_191' title='bbox 1091 1852 1208 1874; x_wconf 88' lang='lat' dir='ltr'><strong>versus</strong></span> <span class='ocrx_word' id='word_1_192' title='bbox 1234 1839 1376 1875; x_wconf 77' lang='lat' dir='ltr'><strong>alterius</strong></span> <span class='ocrx_word' id='word_1_193' title='bbox 1394 1852 1453 1888; x_wconf 89' lang='lat' dir='ltr'><strong>ap-</strong></span> 
     </span>
     <span class='ocr_line' id='line_1_26' title="bbox 300 1904 1456 1953; baseline 0 -14"><span class='ocrx_word' id='word_1_194' title='bbox 300 1908 398 1953; x_wconf 87' lang='lat' dir='ltr'><strong>paret</strong></span> <span class='ocrx_word' id='word_1_195' title='bbox 429 1904 681 1952; x_wconf 86' lang='lat' dir='ltr'><strong>Theuropidem</strong></span> <span class='ocrx_word' id='word_1_196' title='bbox 715 1918 733 1939; x_wconf 90' lang='lat' dir='ltr'><strong>e</strong></span> <span class='ocrx_word' id='word_1_197' title='bbox 767 1904 938 1939; x_wconf 87' lang='lat' dir='ltr'><strong>Tranione</strong></span> <span class='ocrx_word' id='word_1_198' title='bbox 973 1904 1160 1950; x_wconf 85' lang='lat' dir='ltr'><strong>quaesiisse</strong></span> <span class='ocrx_word' id='word_1_199' title='bbox 1191 1917 1276 1951; x_wconf 83' lang='lat' dir='ltr'><strong>quae</strong></span> <span class='ocrx_word' id='word_1_200' title='bbox 1302 1917 1355 1940; x_wconf 85' lang='lat' dir='ltr'><strong>res</strong></span> <span class='ocrx_word' id='word_1_201' title='bbox 1378 1918 1456 1940; x_wconf 91' lang='lat' dir='ltr'><strong>eum</strong></span> 
     </span>
     <span class='ocr_line' id='line_1_27' title="bbox 301 1968 1454 2017; baseline 0 -13"><span class='ocrx_word' id='word_1_202' title='bbox 301 1970 448 2017; x_wconf 87' lang='lat' dir='ltr'><strong>agitaret</strong></span> <span class='ocrx_word' id='word_1_203' title='bbox 468 1973 502 2004; x_wconf 89' lang='lat' dir='ltr'><strong>et</strong></span> <span class='ocrx_word' id='word_1_204' title='bbox 515 1972 695 2016; x_wconf 88' lang='lat' dir='ltr'><strong>tantopere</strong></span> <span class='ocrx_word' id='word_1_205' title='bbox 710 1968 898 2004; x_wconf 85' lang='lat' dir='ltr'><strong>sollicitum</strong></span> <span class='ocrx_word' id='word_1_206' title='bbox 919 1972 1053 2004; x_wconf 88' lang='lat' dir='ltr'><strong>teneret</strong></span> <span class='ocrx_word' id='word_1_207' title='bbox 1059 1984 1068 2014; x_wconf 83' lang='lat'>;</span> <span class='ocrx_word' id='word_1_208' title='bbox 1097 1981 1182 2015; x_wconf 86' lang='lat' dir='ltr'><strong>quae</strong></span> <span class='ocrx_word' id='word_1_209' title='bbox 1202 1969 1356 2015; x_wconf 85' lang='lat' dir='ltr'><strong>quaestio</strong></span> <span class='ocrx_word' id='word_1_210' title='bbox 1383 1970 1454 2005; x_wconf 90' lang='lat' dir='ltr'><strong>fieri</strong></span> 
     </span>
     <span class='ocr_line' id='line_1_28' title="bbox 301 2033 1453 2081; baseline -0.001 -12"><span class='ocrx_word' id='word_1_211' title='bbox 301 2048 372 2069; x_wconf 90' lang='lat' dir='ltr'><strong>non</strong></span> <span class='ocrx_word' id='word_1_212' title='bbox 404 2038 541 2081; x_wconf 86' lang='lat' dir='ltr'><strong>poterat</strong></span> <span class='ocrx_word' id='word_1_213' title='bbox 574 2037 654 2081; x_wconf 88' lang='lat' dir='ltr'><strong>post</strong></span> <span class='ocrx_word' id='word_1_214' title='bbox 686 2047 735 2069; x_wconf 78' lang='lat' dir='ltr'><strong>vs,</strong></span> <span class='ocrx_word' id='word_1_215' title='bbox 771 2035 853 2069; x_wconf 84' lang='lat'><strong>517.</strong></span> <span class='ocrx_word' id='word_1_216' title='bbox 906 2033 1007 2068; x_wconf 87' lang='lat' dir='ltr'><strong>Hanc</strong></span> <span class='ocrx_word' id='word_1_217' title='bbox 1040 2033 1083 2068; x_wconf 94' lang='lat' dir='ltr'><strong>ob</strong></span> <span class='ocrx_word' id='word_1_218' title='bbox 1106 2046 1241 2068; x_wconf 86' lang='lat' dir='ltr'><strong>causam</strong></span> <span class='ocrx_word' id='word_1_219' title='bbox 1267 2034 1353 2069; x_wconf 85' lang='lat' dir='ltr'><strong>mihi</strong></span> <span class='ocrx_word' id='word_1_220' title='bbox 1376 2034 1453 2080; x_wconf 90' lang='lat' dir='ltr'><strong>qui-</strong></span> 
     </span>
     <span class='ocr_line' id='line_1_29' title="bbox 301 2097 1453 2144; baseline -0.001 -10"><span class='ocrx_word' id='word_1_221' title='bbox 301 2099 378 2134; x_wconf 87' lang='lat' dir='ltr'><strong>dem</strong></span> <span class='ocrx_word' id='word_1_222' title='bbox 400 2111 478 2134; x_wconf 91' lang='lat' dir='ltr'><strong>cum</strong></span> <span class='ocrx_word' id='word_1_223' title='bbox 505 2098 695 2134; x_wconf 82' lang='lat' dir='ltr'><strong>Ritschelio</strong></span> <span class='ocrx_word' id='word_1_224' title='bbox 722 2102 853 2133; x_wconf 84' lang='lat' dir='ltr'><strong>certum</strong></span> <span class='ocrx_word' id='word_1_225' title='bbox 872 2097 1026 2140; x_wconf 87' lang='lat' dir='ltr'><strong>videt-ur,</strong></span> <span class='ocrx_word' id='word_1_226' title='bbox 1054 2097 1144 2132; x_wconf 86' lang='lat' dir='ltr'><strong>inter</strong></span> <span class='ocrx_word' id='word_1_227' title='bbox 1163 2110 1202 2132; x_wconf 88' lang='lat' dir='ltr'><strong>ea</strong></span> <span class='ocrx_word' id='word_1_228' title='bbox 1219 2110 1304 2144; x_wconf 92' lang='lat' dir='ltr'><strong>quae</strong></span> <span class='ocrx_word' id='word_1_229' title='bbox 1321 2098 1453 2133; x_wconf 86' lang='lat' dir='ltr'><strong>excide-</strong></span> 
     </span>
     <span class='ocr_line' id='line_1_30' title="bbox 300 2162 1452 2210; baseline 0 -12"><span class='ocrx_word' id='word_1_230' title='bbox 300 2168 398 2206; x_wconf 89' lang='lat' dir='ltr'><strong>runt,</strong></span> <span class='ocrx_word' id='word_1_231' title='bbox 425 2164 530 2198; x_wconf 83' lang='lat' dir='ltr'><strong>fuisse</strong></span> <span class='ocrx_word' id='word_1_232' title='bbox 565 2164 670 2198; x_wconf 89' lang='lat' dir='ltr'><strong>etiam</strong></span> <span class='ocrx_word' id='word_1_233' title='bbox 705 2162 809 2197; x_wconf 88' lang='lat' dir='ltr'><strong>verba</strong></span> <span class='ocrx_word' id='word_1_234' title='bbox 834 2162 1036 2205; x_wconf 82' lang='lat' dir='ltr'><strong>Tranionis‚</strong></span> <span class='ocrx_word' id='word_1_235' title='bbox 1062 2174 1147 2208; x_wconf 89' lang='lat' dir='ltr'><strong>quae</strong></span> <span class='ocrx_word' id='word_1_236' title='bbox 1171 2166 1261 2198; x_wconf 88' lang='lat' dir='ltr'><strong>recte</strong></span> <span class='ocrx_word' id='word_1_237' title='bbox 1288 2163 1347 2198; x_wconf 88' lang='lat' dir='ltr'><strong>ille</strong></span> <span class='ocrx_word' id='word_1_238' title='bbox 1372 2176 1452 2210; x_wconf 88' lang='lat' dir='ltr'><strong>sup-</strong></span> 
     </span>
     <span class='ocr_line' id='line_1_31' title="bbox 298 2227 1452 2276; baseline 0.001 -13"><span class='ocrx_word' id='word_1_239' title='bbox 298 2229 423 2276; x_wconf 87' lang='lat' dir='ltr'><strong>plevit,</strong></span> <span class='ocrx_word' id='word_1_240' title='bbox 451 2229 579 2276; x_wconf 90' lang='lat' dir='ltr'><strong>quippe</strong></span> <span class='ocrx_word' id='word_1_241' title='bbox 605 2229 736 2276; x_wconf 82' lang='lat' dir='ltr'><strong>optime</strong></span> <span class='ocrx_word' id='word_1_242' title='bbox 762 2240 840 2263; x_wconf 86' lang='lat' dir='ltr'><strong>cum</strong></span> <span class='ocrx_word' id='word_1_243' title='bbox 867 2227 982 2263; x_wconf 87' lang='lat' dir='ltr'><strong>animo</strong></span> <span class='ocrx_word' id='word_1_244' title='bbox 1010 2228 1212 2265; x_wconf 90' lang='lat' dir='ltr'><strong>meticuloso</strong></span> <span class='ocrx_word' id='word_1_245' title='bbox 1239 2229 1337 2265; x_wconf 88' lang='lat' dir='ltr'><strong>illius</strong></span> <span class='ocrx_word' id='word_1_246' title='bbox 1363 2229 1452 2264; x_wconf 83' lang='lat' dir='ltr'><strong>servi</strong></span> 
     </span>
    </p>
   </div>
   <div class='ocr_carea' id='block_1_3' title="bbox 296 2294 537 2328">
    <p class='ocr_par' dir='ltr' id='par_1_7' title="bbox 296 2294 537 2328">
     <span class='ocr_line' id='line_1_32' title="bbox 296 2294 537 2328; baseline 0 0"><span class='ocrx_word' id='word_1_247' title='bbox 296 2294 537 2328; x_wconf 82' lang='lat' dir='ltr'><strong>convenientia</strong></span> 
     </span>
    </p>
   </div>
  </div>
 </body>
</html>
