1752 2978
838 382 883 416 53

286 471 454 515 hostium,
483 472 675 508 subeunt?”
713 473 757 508 In
791 474 942 509 editione
969 485 1070 519 quam
1097 472 1230 507 curavit
1256 471 1306 506 Le
1326 471 1437 506 Maire

287 536 423 572 additur
448 537 574 582 baetis,
601 536 693 584 quod
725 538 811 573 mihi
846 538 984 585 quidem
1011 538 1060 573 ita
1087 538 1434 586 interpretamentum

287 601 377 637 olere
408 603 562 647 videtur,
581 607 621 639 ut
638 603 901 651 expungendum
920 616 1086 639 censeam.
1113 602 1174 638 Vs.
1194 603 1263 637 358
1284 601 1437 637 Weisius

289 671 324 701 et
349 667 398 703 Le
425 668 537 703 Maire
563 668 612 704 sic
637 668 776 715 legunt:

359 733 420 768 Ubi
444 734 554 780 aliqui
579 734 755 780 quindenis
780 734 887 768 hastis
912 746 1029 779 eorpus
1056 733 1212 781 transfiqi
1237 731 1370 767 solent?

286 798 323 832 in
349 810 415 843 qua
436 799 599 845 junctura
619 811 735 843 corpus
752 798 841 833 foret
862 810 971 833 accus,
990 798 1142 845 pendens
1160 811 1180 832 a
1200 798 1302 832 verbo
1323 802 1434 832 trans-

276 862 360 910 fiqi‚
388 874 489 908 quam
515 866 630 898 tamen
656 862 945 904 constructionem
979 875 1050 897 non
1083 862 1225 897 memini
1257 875 1311 897 me
1345 863 1435 910 apud

286 927 448 962 Plautum
476 939 618 973 usquam
635 928 801 962 invenire.
830 927 1026 970 Praeterea,
1052 928 1234 973 quominus
1260 927 1438 974 quindenis

285 991 455 1038 legamus,
483 991 643 1039 prohibet
670 991 795 1027 divisio
822 991 990 1027 exercitus
1017 991 1180 1035 Romani,
1209 991 1306 1039 cujus
1333 991 1435 1026 nimi-

286 1069 362 1091 rum
403 1056 546 1091 minima
584 1069 662 1103 pars
688 1060 759 1091 erat
799 1056 950 1099 decuria,
998 1056 1113 1091 decem
1148 1056 1318 1091 militibus
1356 1068 1435 1090 con-

288 1124 398 1164 stans,
425 1133 488 1156 nec
513 1132 675 1167 umquam
693 1120 899 1167 quindecim.
931 1120 1045 1168 Igitur
1063 1120 1238 1168 probanda
1256 1120 1436 1156 Ritschelii

285 1185 404 1228 lectio,
433 1198 517 1231 quae
543 1186 642 1221 facile
668 1199 709 1221 ex
735 1186 795 1221 illa
822 1186 975 1229 elicitur,
1004 1198 1154 1231 quaeque
1181 1190 1315 1221 tantum
1342 1186 1438 1221 abest

286 1254 326 1284 ut
365 1250 555 1285 sententiae
593 1251 664 1285 vim
704 1251 846 1293 inferat,
887 1253 927 1285 ut
959 1263 1032 1285 eam
1062 1251 1238 1294 emendet,
1274 1252 1436 1297 quoniam

287 1306 412 1349 Tranio
447 1318 612 1350 convocat
643 1327 760 1350 omnes
787 1315 943 1349 homines
970 1320 1144 1358 strenuos,
1171 1328 1230 1367 eos
1252 1316 1435 1358 nimirum,

287 1379 345 1424 qui
377 1379 583 1426 ubicumque
609 1380 760 1426 pericula
786 1379 839 1414 vel
866 1380 1014 1414 maxima
1040 1380 1154 1415 subire
1180 1381 1339 1416 audeant.

385 1444 445 1479 Vs.
474 1446 557 1479 360.

374 1510 431 1545 Set
455 1522 494 1544 ea
521 1510 606 1554 leffe,
634 1512 674 1543 ut
699 1509 877 1555 offiqantur
904 1509 951 1543 bis
968 1509 1089 1553 pedes,
1118 1509 1166 1544 bis
1191 1510 1336 1544 brachia.

287 1575 350 1609 Bis
378 1575 496 1619 pedes,
536 1574 584 1608 bis
621 1574 773 1616 brachia,
810 1574 833 1608 i.
869 1587 917 1616 e.‚
952 1577 991 1608 ut
1018 1573 1146 1619 singuli
1181 1574 1284 1621 pedes
1310 1577 1345 1609 et
1369 1574 1438 1608 sin-

287 1639 386 1686 gulae
424 1651 544 1673 manus
582 1650 651 1672 non
696 1637 862 1684 singulis,
905 1641 943 1673 ut
982 1638 1140 1681 solitum,
1181 1638 1238 1674 sed
1279 1650 1346 1685 quo
1385 1640 1439 1674 fir-

288 1703 377 1738 mius
426 1705 606 1737 teneantur
651 1702 694 1736 ad
732 1713 884 1745 crucem,
925 1702 1061 1748 singula
1100 1702 1193 1737 binis
1227 1702 1331 1738 clavis
1370 1703 1440 1738 affi-

287 1770 422 1815 gantur.

387 1833 445 1867 Vs.
474 1834 555 1867 361.

296 1898 356 1932 Ubi
380 1897 417 1931 id
441 1898 507 1931 erit
522 1898 682 1944 factum,
710 1909 731 1930 a
757 1909 806 1930 me
831 1900 1006 1940 amentum
1024 1896 1134 1940 petito
1156 1897 1438 1941 praesentarium.

290 1962 366 1998 Hac
390 1962 465 2008 lege
491 1961 546 1996 vel
571 1964 708 1996 centum
726 1960 855 1995 talenta
872 1960 1074 2007 promittere
1092 1960 1281 2007 potuisset,
1309 1961 1364 1995 cui
1386 1961 1437 1995 vel

289 2027 470 2075 plumbeus
495 2038 656 2064 nummus
682 2038 751 2060 non
778 2028 860 2060 erat.
915 2025 1074 2059 Ceterum
1093 2026 1351 2070 praesentarius
1368 2025 1441 2060 sive

288 2096 550 2140 praesentaneus
576 2094 628 2126 est-
654 2103 695 2125 ex
721 2103 760 2125 eo
787 2089 1030 2125 vocabulorum
1058 2102 1197 2136 genere,
1218 2104 1237 2125 a
1255 2103 1322 2136 quo
1341 2103 1442 2126 aurea

291 2161 382 2193 aetas
408 2157 589 2197 abstinuit.

388 2222 448 2258 Vs.
477 2223 559 2257 366.

290 2287 400 2323 Pater
433 2288 569 2333 inquam
594 2278 683 2322 ‘tuus
713 2287 816 2322 venit.
851 2297 947 2321 PHIL.
989 2287 1051 2322 Ubi
1083 2287 1111 2321 is
1137 2290 1185 2322 est
1211 2284 1362 2322 obsecro?
1386 2297 1441 2321 ΤΒ.

393 2354 453 2400 [In
471 2357 577 2398 portu
602 2352 684 2400 iam]
712 2352 816 2387 adest.

290 2418 408 2466 Editio
435 2417 559 2453 Weisii
587 2417 771 2453 secundum
798 2416 1013 2452 Gronovium
1040 2417 1089 2452 sic
1115 2417 1215 2464 legit:
