1752 2978
903 256 948 289 94

346 358 448 381 sonae
495 349 529 380 et
565 344 819 392 praepositione
850 358 927 390 per.
981 346 1067 382 Cum
1111 345 1240 393 duplici
1274 357 1384 381 accuS.
1420 358 1502 380 con-

345 414 514 447 structum
540 410 645 445 ctiam
672 410 822 446 offendes
847 409 944 447 CaeS.
972 412 1012 447 B.
1040 412 1084 447 G.
1112 410 1171 445 ΠΙ
1196 423 1268 457 cap.
1290 411 1356 445 61:
1378 429 1396 450 n
1412 411 1501 449 Quos

344 476 454 511 omnia
479 488 541 510 sua
558 475 734 520 prae-sidia
760 476 995 511 circumduxit.
1005 476 1028 491 ’'

444 539 509 575 Vs.
540 541 747 574 845—848.

342 607 408 641 ΤΗ.
436 608 550 651 Apaqe
575 606 677 640 istum
701 605 1013 642 circumductorem:
1040 606 1094 642 nil
1118 618 1225 641 moror
1250 605 1434 641 ductarier.

339 671 388 705 SI.
408 671 511 705 Aedis
527 671 616 712 dico,
635 671 695 704 vin
711 671 769 716 qm·
788 675 820 705 to
831 672 1009 715 perductet
1020 670 1038 705 ,ἵ
1054 671 1121 705 ΤΗ.
1140 672 1270 714 Αραῃετ
1288 682 1354 705 non
1365 670 1493 714 placet.

342 736 509 782 Quicquid
531 740 597 778 est,
625 736 742 770 errabo
758 736 877 781 potius
902 749 997 782 quam
1017 736 1194 781 perductet
1221 735 1395 781 quispiam.

340 801 403 846 [81.
444 801 509 835 Tuo
544 801 730 847 arbitratu]
759 801 826 835 ΤΗ.
863 802 951 845 Εκῃο
986 814 1020 836 eo
1052 800 1159 845 iqitur
1192 800 1264 835 sine
1282 800 1495 844 perductore.

437 865 487 901 S1.
515 866 555 908 I,
587 866 675 901 licet.

338 930 387 965 Hi
414 943 532 966 versus
560 931 675 966 mutili
704 931 868 976 leguntur
894 930 931 965 in
958 930 1075 965 codice
1102 931 1150 966 B:

335 994 382 1030 H.
411 996 525 1041 Apaqe
550 996 651 1031 istum
679 1008 726 1030 me
755 1023 761 1030 .
792 1024 799 1030 .
830 1023 836 1030 .
867 1023 875 1030 .
903 995 994 1030 nihil
1017 1007 1127 1030 moror
1153 996 1337 1031 ductarier.

337 1060 510 1106 Quidquid
533 1065 583 1095 est
612 1087 917 1095 .........
938 1060 1118 1104 perductet
1144 1060 1320 1106 quispiam.

334 1124 366 1159 S.
402 1124 488 1159 Adis
521 1124 592 1160 dico
621 1153 853 1160 .......
883 1124 929 1159 Η.
962 1125 1050 1169 Erqo
1081 1124 1173 1160 intro
1205 1137 1243 1159 eo
1274 1124 1346 1160 sinc
1364 1124 1492 1170 perdu-

432 1194 531 1224 ctore.
585 1189 617 1224 S.
645 1191 676 1232 i,
706 1190 794 1225 licet.

335 1254 377 1289 In
403 1254 579 1290 codicibus
607 1254 645 1290 C.
672 1254 720 1290 D:

334 1323 448 1365 Apaqe
471 1320 574 1355 istum
601 1333 649 1354 me
677 1348 684 1355 .
714 1348 721 1354 .
751 1347 758 1354 .
788 1347 796 1355 .
824 1320 914 1355 nihil
939 1333 1048 1355 moror
1074 1320 1257 1355 ductarier.

336 1384 504 1432 Quicquid
528 1390 577 1420 est
605 1414 612 1421 .
643 1414 650 1420 .
680 1413 687 1420 .
718 1413 725 1420 .
745 1386 925 1431 perductet
950 1385 1114 1432 quispiam
1139 1385 1215 1420 adia
1239 1385 1311 1420 dico

331 1451 419 1495 E'rqo
445 1451 537 1486 intro
564 1463 598 1486 eo
625 1451 731 1496 iqitur
756 1451 830 1486 sine
846 1451 1049 1496 pei-ductore
1075 1451 1169 1486 ilicet

329 1527 392 1561 pro
418 1514 543 1560 quibus
576 1515 613 1549 in
645 1514 767 1549 ceteris
794 1514 970 1550 codicibus
999 1518 1067 1549 tres
1093 1527 1211 1549 versus
1236 1518 1391 1558 exstant,
1420 1515 1487 1551 duo

328 1583 443 1614 autem
469 1583 549 1627 post
575 1593 625 1615 vs.
655 1581 723 1615 816
749 1580 813 1615 hoc
831 1579 934 1615 modo
953 1579 1044 1627 apud
1062 1579 1279 1615 Gronovium
1305 1580 1485 1626 leguntur:

377 1646 426 1681 SI.
458 1645 521 1680 Vin
548 1646 606 1692 qui
626 1644 827 1693 perducta?
853 1646 920 1681 ΤΗ.
948 1648 1061 1690 Apaqc
1087 1646 1187 1680 ictum
1206 1646 1460 1691 pet-ductorem,

452 1724 518 1745 non
536 1712 663 1755 placet.

375 1776 424 1811 SI.
456 1776 569 1819 Quid,
597 1776 680 1822 quid
703 1774 781 1810 est?
809 1776 934 1810 Eri-abo
956 1775 1090 1819 poliac,
1119 1788 1219 1821 quam
1237 1776 1419 1820 perductet

451 1841 626 1887 quispiam.

326 1907 404 1951 Quo
441 1906 516 1941 loco
556 1906 585 1940 si
612 1909 801 1953 ponantur,
841 1918 942 1940 nemo
969 1909 1021 1940 est
1047 1905 1131 1951 quin
1164 1905 1280 1940 videat
1305 1918 1482 1953 perperam

325 1984 397 2006 esse
416 1971 599 2007 collocatos
609 1986 619 2014 ;
647 1983 717 2006 non
736 1970 829 2005 enim
847 1973 900 2005 est
918 1973 1204 2014 consentaneum,
1232 1970 1406 2006 Simonem
1424 1983 1481 2006 eos

324 2048 443 2082 rogare
490 2049 573 2071 num
608 2035 719 2070 velint
757 2035 907 2081 aliquem
947 2035 1006 2081 qui
1045 2035 1224 2082 perductet
1237 2062 1247 2078 ,
1288 2035 1369 2071 dum
1407 2036 1481 2082 ipse

323 2113 400 2135 cum
419 2100 463 2135 iis
481 2100 611 2135 incedit
620 2115 630 2143 ;
649 2104 770 2135 contra
787 2103 969 2147 postquam
988 2099 1047 2134 ille
1064 2099 1238 2147 professus
1255 2103 1337 2144 erat,
1357 2113 1393 2136 se
1410 2113 1480 2136 non

324 2177 460 2208 vacare,
493 2178 629 2200 necesse
655 2168 728 2200 erat
758 2164 821 2199 hos
847 2176 967 2210 rogare
993 2176 1076 2198 num
1104 2164 1232 2199 vellent
1257 2164 1478 2201 circumduci.

324 2229 418 2264 Hinc
448 2230 605 2276 patet·in
631 2229 793 2264 omnibus
819 2228 1011 2271 codicibus,
1045 2232 1177 2275 praeter
1207 2229 1247 2265 B.
1282 2228 1320 2265 C.
1349 2230 1391 2265 D.
1416 2230 1478 2264 hos

321 2294 407 2329 duos
426 2307 543 2329 versus
561 2307 634 2329 esse
652 2293 896 2340 interpolatOS,
916 2294 1124 2340 iteratosque
1143 2308 1160 2329 e
1179 2307 1245 2330 vss.
1262 2295 1476 2337 845-848,
