1752 2978
868 256 912 289 18

305 348 525 383 Ritschelius.
554 347 620 382 Illa
643 346 811 394 particula
830 346 998 392 signifieat
1017 345 1108 380 idem
1128 345 1218 392 quod
1236 346 1328 380 haud
1346 346 1442 393 (non)
1453 374 1464 391 ‚

305 414 357 448 Cf.
386 426 435 448 vs.
465 414 523 447 98.

404 478 464 514 Vs.
494 479 551 513 19.

497 543 638 588 Auqebis
665 543 740 577 ruri
766 554 956 584 numerum,
980 554 1086 586 oenus
1100 541 1291 588 ferratile;

306 607 464 643 Muretus
491 607 572 643 Var.
601 605 713 642 Lectt.
742 606 792 642 V:
823 609 843 641 9
871 618 1007 641 versum
1033 605 1083 641 sic
1108 592 1286 641 emendat}

521 672 662 717 Auqobis
689 672 766 706 ruri
791 684 926 706 numero
948 682 1054 716 yeuus
1069 670 1262 718 ferratile3

307 756 324 776 n
333 750 439 782 yenus
458 736 730 784 enimferratile
748 740 848 772 vocat
866 748 981 771 servos
988 763 998 779 ‚
1018 735 1078 781 qui
1096 735 1168 771 ruri
1187 735 1224 770 in
1242 735 1465 783 compedibus

303 805 462 848 agerent,
490 810 592 848 atque
618 801 655 837 id
681 814 789 848 genus
817 814 951 837 numero
978 802 1002 837 i.
1030 814 1060 836 e.
1086 801 1203 844 brevi,
1237 813 1359 848 nempe
1386 813 1464 835 cum

304 866 446 902 redierit
471 879 592 911 senex,
629 879 649 902 a
674 866 846 902 Tranione
872 870 1011 902 auctum
1044 865 1088 901 iri
1114 866 1203 902 aim
1257 865 1463 901 Emendatio

304 933 387 968 haec
412 932 590 980 probanda
614 932 772 976 videtur,
800 945 871 967 non
891 931 976 967 item
995 931 1198 979 explicatio:
1219 944 1352 967 numero
1371 931 1463 966 enim

304 1010 367 1044 pro
394 998 485 1033 brevi
511 997 580 1033 diei
607 1010 706 1045 posse
734 997 873 1032 Mureto
895 1009 966 1032 non
984 997 1097 1032 credo.
1125 996 1241 1032 Multo
1260 996 1387 1031 rectius
1406 1009 1462 1031 ex—

304 1062 449 1109 plicabis
488 1062 581 1108 quod
616 1062 659 1097 ad
695 1074 876 1097 numerum
912 1062 1049 1097 attinet.
1102 1061 1138 1096 Si
1177 1061 1270 1096 enim
1307 1060 1464 1095 ducentis

304 1126 412 1161 servis
450 1125 589 1161 additur
627 1138 738 1169 unus,
767 1138 849 1172 grex
887 1129 1032 1172 augetur
1069 1138 1215 1161 numero.
1267 1125 1464 1161 Gronovius

304 1204 475 1227 numerum
502 1190 657 1226 defendit
676 1190 741 1234 sic,
770 1193 810 1226 ut
824 1202 929 1236 qeuus
938 1190 1111 1238 ferratile
1128 1189 1209 1226 huic
1227 1189 1400 1238 adjectum
1418 1191 1465 1225 sit

305 1270 365 1304 per
400 1256 621 1304 epexegesin,
663 1256 756 1302 quod
791 1260 906 1291 tamen
941 1256 999 1291 vix
1032 1261 1146 1303 potest
1171 1256 1327 1303 probari,
1368 1259 1464 1303 quasi

303 1334 384 1357 vero
412 1334 530 1357 omnes
556 1321 610 1356 illi
637 1321 745 1365 servi,
774 1321 832 1367 qui
859 1322 932 1357 ruri
959 1326 1091 1365 essent,
1119 1322 1160 1356 ad
1179 1323 1466 1369 qeuueferratz'le

304 1390 418 1422 essent
442 1386 623 1423 referendi.

403 1452 463 1487 Vs.
493 1454 551 1486 24.

566 1517 764 1552 Purasitos:
792 1518 944 1552 obsonate
961 1517 1219 1562 pollucibiliter.

303 1583 555 1618 Polluoibiliter
587 1596 607 1618 a
625 1584 799 1628 pollucto,
839 1582 932 1629 quod
969 1594 1096 1618 nomen
1130 1596 1150 1618 a
1178 1584 1395 1628 pollueendo,
1423 1584 1465 1619 de

305 1648 403 1694 cujus
418 1647 514 1683 verbi
530 1647 664 1694 origine
678 1647 722 1682 lis
742 1651 794 1682 est
812 1647 904 1682 inter
923 1647 1174 1682 Grammaticos
1184 1663 1194 1691 ;
1222 1648 1309 1683 illud
1326 1649 1465 1696 proprie

305 1712 433 1748 dicitur
484 1713 682 1761 saorfficium
735 1712 807 1748 sive
858 1714 1011 1760 epulum,
1063 1713 1155 1759 quod
1192 1713 1271 1749 Jovi
1320 1714 1464 1761 Dapali,

305 1778 467 1822 Herculi,
495 1778 584 1813 alive
609 1779 715 1814 fieret.
757 1777 809 1813 Cf.
838 1778 992 1814 Macrob.
1019 1779 1090 1814 Sat.
1118 1779 1197 1814 III:
1227 1781 1293 1814 16:
1322 1780 1467 1824 Proprie

304 1847 415 1878 autem
441 1842 661 1878 CATILLONES
687 1843 900 1887 dicebantur,
933 1843 990 1890 qui
1023 1844 1070 1878 ad
1089 1844 1281 1889 polluctum
1305 1838 1466 1879 Herculis

305 1906 418 1941 ultimi
463 1920 533 1943 cum
575 1908 729 1944 venirent
769 1908 921 1943 eattillos
961 1908 1177 1954 liyurribant.
1236 1909 1344 1944 Porro
1385 1910 1465 1955 quia

295 1972 487 2017 polluctum
514 1972 578 2007 hoc
604 1972 705 2019 plane
732 1972 915 2020 opiparum
933 1985 971 2008 ac
997 1976 1238 2021 sumptuosum
1265 1977 1356 2018 erat,
1384 1974 1465 2009 hinc

305 2040 358 2071 est
397 2036 490 2082 quod
529 2036 695 2072 vocabulo
732 2050 772 2073 eo
812 2038 1003 2084 generatim
1042 2042 1221 2074 uterentur
1260 2052 1322 2086 pro
1362 2052 1466 2088 coena

304 2101 398 2136 lauta
424 2113 463 2136 ac
489 2105 702 2149 sumptuosa.
754 2101 806 2138 Cf.
834 2102 948 2138 Plaut.
976 2102 1066 2139 Rud.
1093 2103 1142 2139 V:
1171 2105 1211 2139 3:
1241 2105 1286 2138 62
1315 2116 1365 2150 sq.

358 2193 365 2200 .
395 2194 402 2201 .
432 2194 440 2201 .
470 2194 477 2201 .
505 2166 714 2212 spectatores
740 2179 797 2201 vos
822 2180 946 2213 quoque
971 2169 1018 2203 ad
1041 2181 1172 2203 coenam
1198 2182 1325 2212 vocem,

357 2231 405 2265 Ni
431 2232 576 2266 daturus
603 2231 694 2267 nihil
718 2232 797 2274 sim,
825 2245 927 2279 neque
945 2233 990 2268 sit
1008 2233 1180 2280 quicquam
1197 2234 1346 2279 pollucti
1363 2234 1461 2278 domi,

305 2295 420 2331 Etiam
448 2297 625 2332 dicebatur
648 2299 861 2342 polluctura,
891 2302 929 2333 ut
957 2298 1038 2333 Stic.
1067 2299 1117 2334 V:
1147 2301 1186 2334 4:
1218 2301 1237 2333 5
1267 2312 1316 2345 sq.
