1752 2978
885 259 928 292 96

650 488 1003 543 AOTUS
1064 490 1162 546 IV.

783 619 967 656 SCENA
1004 621 1033 656 I.

423 802 484 838 Vs.
513 804 598 838 859.

548 896 706 912 .....
734 870 769 904 lai
795 871 903 905 &olent
929 883 997 905 esse
1023 869 1157 905 utibiles
1182 870 1260 906 eris.

331 932 469 967 (scibiles
495 933 517 967 i.
544 947 572 967 e.
603 934 716 969 utiles.
769 934 822 969 Cf.
859 935 938 970 Mil.
973 934 1052 970 III:
1090 936 1130 969 1:
1168 936 1233 978 18,
1273 935 1369 970 Trin.
1402 934 1479 969 III:

324 998 362 1032 3:
393 999 458 1041 20,
499 998 594 1035 Men.
632 998 682 1034 V:
713 1001 753 1034 6:
787 1001 850 1043 20,
893 1000 1000 1036 Merc.
1036 999 1087 1035 V:
1126 1002 1169 1035 4:
1206 1001 1265 1035 45.
1320 999 1479 1036 Ceterum

322 1063 356 1098 hi
398 1077 514 1099 versus
553 1064 675 1099 iisdem
713 1078 820 1112 paene
859 1065 972 1100 verbis
1009 1066 1171 1112 leguntur
1211 1066 1305 1101 Men.
1346 1066 1397 1101 V:
1436 1068 1477 1101 6:

324 1131 481 1166 19—22.
532 1130 662 1166 Similis
690 1132 784 1166 locus
811 1135 863 1166 est
890 1131 971 1168 Aul.
999 1131 1070 1167 IV:
1102 1133 1134 1168 1.

420 1196 481 1231 Vs.
511 1197 595 1231 861.

472 1289 480 1296 .
510 1289 517 1297 .
547 1289 555 1296 .
584 1289 592 1296 .
621 1265 690 1296 tum
715 1262 824 1296 stulta
850 1266 1008 1306 empetunt
1034 1262 1096 1297 sibi
1121 1263 1282 1297 consilia.-

322 1326 345 1360 i.
373 1339 403 1360 e.
430 1326 572 1372 capiunt
598 1326 741 1360 consilia
768 1326 886 1361 stulta.
913 1326 966 1361 Cf.
994 1326 1070 1361 Cas.
1098 1326 1157 1360 11:
1184 1328 1223 1361 7:
1247 1328 1286 1369 7,
1307 1327 1366 1361 ubi
1385 1340 1477 1371 empe-

322 1390 436 1425 tivz‘sse
461 1390 571 1433 nude,
600 1390 727 1424 omisso
761 1390 951 1433 eonsilium,
987 1390 1164 1425 invenitur
1190 1403 1252 1437 pro
1278 1391 1476 1433 deerevixse,

321 1456 490 1491 statuisse.

419 1520 478 1556 Vs.
507 1522 576 1555 863
605 1533 654 1566 sq.

466 1587 516 1621 Hi
541 1587 572 1622 si
597 1591 677 1622 sunt
705 1587 873 1632 reprenm',
890 1587 1040 1634 faciunt
1066 1587 1106 1622 de
1132 1587 1221 1621 malo

470 1651 568 1697 [Sibi]
589 1651 776 1696 peculium,
803 1652 892 1697 quod
916 1655 1082 1697 nequeunt
1112 1652 1166 1697 [de
1192 1652 1299 1697 bona]

321 1716 465 1752 Faciunt
491 1717 531 1752 de
556 1717 642 1752 malo
670 1745 678 1752 .
708 1745 715 1752 .
739 1716 922 1761 peculium,
951 1716 1042 1751 ludit
1068 1716 1105 1751 in
1131 1716 1292 1763 ambiguo
1311 1715 1475 1751 Plautus:

308 1782 479 1825 peculium
494 1783 619 1828 facere
645 1783 685 1816 de
712 1783 813 1823 malo,
842 1786 881 1815 ut
907 1781 1152 1815 animadvertit
1170 1781 1368 1823 Acidalius,
1396 1785 1473 1826 pot-

316 1850 368 1880 est
394 1845 604 1892 significare:
630 1846 804 1893 peculium
832 1846 899 1881 sibi
919 1849 1118 1893 comparant
1136 1845 1257 1888 furtis,
1278 1845 1472 1881 fraudibus-

315 1923 395 1956 que,
433 1911 487 1945 vel
517 1910 690 1957 peculium
717 1911 849 1945 faciunt
875 1911 1110 1945 offerumentis
1137 1913 1171 1944 et
1198 1909 1369 1945 vibicibus
1397 1923 1471 1944 ver-

314 1975 446 2011 berum.
474 1975 526 2011 Cf.
542 1975 641 2012 Asin.
657 1975 715 2011 II:
733 1978 773 2019 2,
791 1978 831 2020 9,
861 1988 927 2022 quo
946 1975 1021 2011 loco
1040 1988 1158 2011 servus
1172 1974 1343 2010 Leonidas
1355 1975 1472 2022 jocose

314 2040 442 2075 dicitur
473 2040 593 2087 largiri
624 2040 800 2088 peculium
832 2044 971 2087 partum
1005 2040 1117 2087 plagis
1152 2040 1243 2075 ultro
1279 2039 1369 2075 dono
1404 2040 1471 2075 sibi

314 2105 452 2142 oblatis.
503 2105 659 2142 Alteram
697 2106 785 2142 hanc
825 2105 1111 2154 significationem
1149 2105 1214 2141 hoc
1252 2105 1327 2141 loco
1362 2105 1471 2154 priori

312 2172 587 2218 anteponendam
614 2185 686 2207 esse
700 2200 711 2216 ,
739 2172 826 2207 mihi
853 2171 998 2206 dubium
1026 2183 1095 2206 non
1127 2171 1275 2207 videtur.
1302 2172 1355 2207 De
1372 2173 1468 2214 bono,

312 2236 393 2271 haec
418 2236 521 2273 verba
546 2237 737 2273 necessario
766 2236 921 2272 addenda
947 2240 1088 2286 propter
1114 2236 1386 2285 oppositionem:
1408 2250 1469 2282 pe-

312 2301 435 2335 culium
463 2303 503 2337 de
528 2304 607 2337 bono
635 2307 686 2336 est-
720 2302 807 2336 illud
844 2302 934 2347 quod
967 2302 1055 2337 servi
1092 2302 1157 2337 sibi
1193 2306 1392 2349 comparant
1428 2301 1468 2336 de
