1752 2978
846 337 888 370 21

293 427 403 463 detur.
441 427 574 464 Deinde
591 428 814 475 grammatica
833 440 966 474 quoque
992 427 1080 461 ratio
1108 426 1233 468 obstat,
1262 422 1446 470 quominus

292 492 443 539 legamus
469 493 530 528 hos
566 506 682 528 versus
721 493 921 528 continuata
960 491 1142 527 sententia.
1195 488 1327 536 Incipit
1354 487 1447 522 enim

293 557 421 593 dicere:
452 572 545 598 anon
570 571 677 594 omnes
700 562 842 606 possunt
868 559 994 600 oleran,
1036 560 1110 591 tum
1136 555 1268 603 pergit:
1311 573 1329 594 ῃ
1342 565 1447 600 neque

292 624 443 670 superior
468 626 662 659 accumbere.
674 632 691 653 11
745 623 854 668 Atqui
880 635 951 657 non
975 622 1057 656 licet
1083 621 1117 655 in
1147 619 1445 656 enuntiationibus

293 688 501 723 coordinatis
520 691 554 723 et
572 688 741 735 copulatis
758 699 819 735 per
837 687 1094 733 conjunctiones
1112 690 1159 729 et,
1186 697 1306 732 neque,
1326 684 1443 726 etiam,

291 756 355 789 cet.
394 766 574 788 numerum
607 756 750 787 mutare.
801 751 893 786 Fieri
919 764 1017 798 posse
1043 751 1107 785 hoc
1140 751 1226 785 mihi
1252 750 1389 784 videtur
1416 749 1445 783 si

292 818 330 852 in
361 818 525 853 alterutro
553 816 706 852 membro
733 817 779 851 sit
805 829 930 852 nomeu
956 816 1190 859 collectivum,
1228 815 1287 850 sed
1320 815 1358 849 in
1383 814 1446 849 hac

292 882 474 917 verborum
497 882 659 928 junctura
684 894 785 916 sanae
811 881 938 916 rationi
964 884 1141 928 repugnat.
1169 879 1343 915 Lacunam
1368 880 1444 914 Rit—

292 946 438 981 schelius
464 946 528 981 hoc
554 946 655 980 modo
682 946 804 993 implet
830 959 870 980 ex
896 946 1108 993 conjectura:

392 1010 429 1045 Si
456 1015 493 1045 tu
519 1012 601 1054 oles,
632 1010 685 1057 [at
710 1010 786 1045 istis
811 1024 866 1056 eqo
890 1012 1024 1057 plaeere
1048 1011 1116 1045 lcau
1139 1011 1273 1056 postulo

392 1075 613 1123 Munditiis‚]
634 1088 747 1122 >neque
769 1076 924 1123 superior
948 1088 1020 1110 eum
1047 1088 1101 1110 ero
1127 1077 1328 1118 accumbere,

293 1140 349 1175 Ita
366 1140 509 1187 legendo
527 1153 589 1175 nec
607 1140 797 1175 sententiae
824 1141 875 1175 vis
899 1140 1038 1175 affertur
1062 1152 1124 1175 nec
1142 1140 1380 1187 grammatices
1398 1140 1445 1174 le-

292 1205 393 1252 gibus
418 1208 638 1253 repugnatur.
688 1205 806 1241 Primo
833 1208 925 1241 enim
952 1206 1096 1241 Grumio
1123 1206 1209 1241 dicit
1235 1218 1270 1240 se
1296 1218 1366 1240 non
1393 1206 1445 1240 in-

294 1270 409 1305 videre
435 1271 618 1314 Tranioni,
646 1283 755 1316 neque
781 1271 914 1305 invidia
940 1271 1080 1305 ductum
1098 1271 1243 1305 alterum
1261 1271 1326 1305 hoc
1344 1270 1447 1305 modo

293 1334 423 1380 alloqui
452 1334 516 1380 (Cf.
546 1347 594 1370 VS.
621 1336 800 1381 47—50),
829 1335 907 1369 dein
927 1335 1018 1380 quod
1044 1335 1086 1369 ad
1112 1335 1368 1381 grammaticam
1395 1339 1445 1369 at-

294 1399 402 1442 tinet,
431 1399 535 1434 etiam
562 1399 594 1433 ei
620 1399 832 1434 satisfactum
860 1403 930 1442 est,
959 1400 1120 1444 quoniam
1147 1411 1238 1434 nunc
1255 1399 1447 1446 subjectum

295 1466 448 1499 mutatur
475 1477 515 1499 ex
541 1464 667 1512 plurali
700 1477 842 1499 numero
869 1464 906 1499 in
941 1464 1158 1511 singularem.
1213 1464 1298 1499 Post
1322 1477 1372 1500 vs.
1401 1466 1446 1499 45

294 1530 379 1564 item
404 1529 594 1564 rectissime
611 1530 733 1565 lacuna
749 1532 885 1573 notata,
906 1530 1067 1575 quoniam
1086 1529 1181 1564 deest
1197 1529 1340 1564 verbum
1359 1530 1449 1565 unde

295 1594 466 1630 ablativus
487 1594 778 1643 facetis-victibus
803 1594 959 1642 pendeat.
995 1593 1134 1630 Lacuna
1160 1594 1222 1629 tali
1250 1594 1320 1630 fere
1346 1595 1448 1631 modo

295 1663 410 1706 posset
436 1661 573 1703 sarciri,
602 1673 619 1694 e
646 1661 842 1706 conjectura
868 1660 1067 1694 Ritschelii:

396 1724 432 1758 Si
459 1728 496 1758 tu
523 1725 609 1768 oles,
641 1725 694 1771 [at
719 1724 796 1759 istis
822 1737 877 1769 eqo
900 1725 1034 1771 plaeere
1059 1725 1128 1759 bau
1151 1726 1285 1771 postulo

395 1789 616 1835 Munditiis,]
646 1802 751 1835 neque
777 1790 930 1835 superior
956 1803 1028 1823 eum
1054 1803 1109 1824 ero
1135 1792 1338 1832 accumbere,

400 1853 516 1900 Neque
543 1858 609 1889 tam
626 1854 777 1902 fimetis,
806 1866 903 1900 quam
932 1858 969 1888 tu
995 1853 1099 1897 vivis,
1128 1853 1268 1889 victibus

385 1919 552 1965 [Aetatem
578 1920 706 1965 eoeiyere
731 1924 764 1954 et
789 1919 919 1954 deliciis
945 1919 1174 1965 voluptariis]

395 1982 455 2018 Vs.
483 1985 563 2019 48.·

489 2049 568 2084 Sine
593 2063 641 2084 me
667 2049 810 2084 aliatum
826 2049 939 2096 sun-qi
954 2051 1127 2096 fortunus
1153 2062 1250 2084 meas.

298 2114 498 2149 Gronovius
524 2114 610 2160 legit
639 2114 815 2153 'salliatou
839 2113 1004 2149 vocabulo
1031 2128 1080 2149 me
1107 2114 1236 2158 deleto,
1259 2117 1294 2149 et
1319 2116 1368 2150 sic
1394 2128 1450 2150 ex-

298 2179 423 2227 plicat:
455 2173 732 2227 usiuefortunas
757 2192 859 2222 meas,
888 2179 912 2214 i.
940 2192 989 2223 e.‚
1019 2180 1093 2214 sine
1118 2192 1171 2214 me
1198 2181 1293 2215 tenui
1312 2181 1452 2215 fortuna

300 2244 511 2292 praeditum,
541 2245 672 2293 junqi,
709 2245 732 2280 i.
760 2257 808 2288 e.‚
848 2244 1008 2292 defungi,
1049 2247 1249 2280 contentum
1289 2258 1360 2280 esse
1400 2247 1451 2280 al-

302 2302 407 2353 liatb,·
441 2323 526 2356 quae
564 2310 745 2357 explicatio
780 2310 941 2345 convenit
981 2323 1057 2345 cum
1093 2311 1136 2345 iis
1164 2323 1248 2356 quae
1274 2310 1453 2346 Turnebus

301 2376 342 2411 de
367 2376 431 2411 hoc
458 2375 561 2411 verbo
589 2375 684 2411 dicit.
712 2375 964 2422 Interpretatur
992 2376 1156 2411 nimirum
1183 2375 1353 2420 allianum,
1382 2389 1453 2411 mo-
