1752 2978
877 309 894 344 7

310 403 462 435 monstra
495 400 532 435 in
563 400 703 436 aedibus
738 400 884 444 vidisse,
918 411 1025 446 coque
1051 412 1128 435 eum
1154 412 1173 435 a
1213 399 1315 434 domo
1355 401 1459 434 arcet.

310 465 561 511 Argumentum
585 465 650 501 hoc
675 468 744 500 est:
771 464 1023 512 TheuropideS,
1050 468 1216 500 mercator
1234 463 1460 499 Atheniensis

311 529 373 575 (VS.
401 530 491 573 971,
520 530 627 576 1072)
655 529 758 565 habet
782 528 892 564 filium
917 528 1153 564 Philolachem
1180 531 1214 564 et
1238 528 1325 564 duos
1343 540 1460 563 servos

309 594 515 630 Tranionem
559 597 594 630 et
637 594 875 630 Grumionem.
926 593 1029 629 Pater
1072 597 1241 629 mercatus
1280 606 1382 629 causa
1421 594 1458 629 in

311 647 508 708 Aegyptum
532 659 705 707 profectus
729 658 841 694 tribus
865 658 964 694 annis
982 654 1061 706 post
1077 658 1168 694 redit
1187 660 1249 706 (vs.
1269 660 1368 706 440).
1396 659 1456 694 In-

311 725 412 761 terim
447 724 661 761 Philolaches
700 724 834 772 perdite
865 737 978 760 amare
1015 725 1129 772 coepit
1151 725 1313 760 ancillam
1340 725 1457 760 Phile-

310 790 475 833 matium,
502 802 604 835 quam
642 792 681 824 ut
707 789 873 824 servitute
897 789 1075 833 liberaret,
1102 790 1282 836 pecuniam
1300 793 1457 825 mutuam

310 854 417 890 sumit
442 867 462 890 a
486 854 716 898 foeneratore,
753 853 978 901 quadraginta.
1003 854 1132 898 minas,
1166 868 1205 890 ea
1235 854 1455 898 conditione,

310 922 350 954 ut
384 918 541 954 redderet
577 918 801 965 quadraginta
839 922 986 965 quatuor
1023 931 1086 966 pro
1125 923 1216 954 sorte
1250 923 1286 954 et
1318 919 1458 954 foenore

312 985 375 1031 (vs.
409 985 506 1031 630).
534 984 667 1019 Harum
694 984 840 1032 triginta
865 997 927 1032 pro
953 984 1113 1020 libertate
1139 987 1270 1020 amatae
1296 984 1459 1032 expendit

312 1051 374 1096 (vs.
401 1050 499 1096 300),
517 1049 665 1095 reliquas
683 1049 799 1085 decem
822 1053 937 1085 autem
956 1050 1129 1085 consumit
1146 1049 1215 1085 alio
1233 1049 1347 1085 modo.
1375 1049 1458 1085 Phi-

308 1114 455 1150 lolaches
488 1114 757 1150 familiaritatem
791 1114 894 1151 habet
919 1127 997 1151 cum
1024 1114 1247 1151 Callida-mate
1274 1114 1457 1162 obligurri-

308 1182 401 1224 tore,
428 1178 483 1214 cui
509 1178 577 1227 ipsi
603 1179 712 1215 amica
738 1182 790 1215 est
814 1179 1019 1227 Delphium;
1046 1179 1083 1215 hi
1110 1179 1210 1215 ambo
1237 1192 1314 1215 cum
1335 1180 1458 1215 amatis

309 1257 407 1291 saepe
442 1248 704 1291 pergraecantur
736 1248 771 1280 et
797 1244 1072 1280 eommissantur.
1123 1244 1316 1280 Philolachi
1343 1248 1459 1280 autem

308 1321 328 1344 a
352 1311 450 1356 patre
474 1312 589 1344 custos
615 1309 756 1344 relictus
781 1312 833 1344 est
860 1321 977 1345 servus
995 1308 1121 1344 Tranio
1142 1310 1204 1355 (vs,
1224 1310 1284 1356 25)
1304 1309 1363 1355 qui
1381 1321 1460 1344 eum

307 1377 440 1421 regeret
447 1388 458 1419 ;
486 1374 546 1409 ille
573 1386 654 1409 vero
680 1377 817 1409 tantum
842 1374 939 1410 abest
963 1377 1004 1409 ut
1027 1373 1116 1409 bene
1141 1373 1302 1409 mandato
1327 1374 1459 1410 obtem-

308 1441 422 1486 peret,
457 1441 498 1474 ut
532 1438 719 1474 dissolutae
752 1438 892 1474 vivendi
926 1438 1055 1474 rationi
1089 1438 1152 1474 filii
1179 1439 1274 1474 erilis
1301 1438 1461 1475 omnibus

308 1504 421 1539 modis
446 1504 559 1539 faveat
566 1518 577 1548 ;
602 1504 690 1539 hanc
716 1503 760 1539 ob
786 1516 858 1539 rem
884 1504 1007 1539 acriter
1034 1516 1054 1539 a
1079 1516 1241 1539 conservo
1269 1504 1461 1539 Grumione

307 1568 568 1615 perstringitur,
593 1568 684 1603 unde
710 1568 785 1603 rixa
802 1568 893 1603 inter
911 1569 996 1605 duos
1015 1581 1130 1604 servos
1148 1568 1259 1604 oritur
1279 1569 1369 1615 (Act.
1389 1568 1459 1615 1⁸¹⁸).

309 1633 467 1678 Quodam
493 1633 548 1669 die
573 1633 666 1669 laute
691 1633 915 1670 coenantibus
941 1636 976 1668 et
1000 1633 1203 1680 potantibus
1224 1634 1351 1669 Tranio
1370 1646 1459 1669 nun-

308 1697 373 1732 tiat
409 1697 661 1745 Theuropidem
697 1710 739 1733 ex
769 1698 894 1733 itinere
927 1697 1080 1733 rediisse.
1132 1697 1378 1733 Adolescentes
1410 1698 1460 1733 ita

308 1762 469 1798 inebriati
500 1766 583 1798 sunt
619 1766 659 1798 ut
690 1762 750 1798 vix
783 1762 914 1798 moveri
948 1763 1085 1810 possint
1118 1766 1157 1798 ut
1184 1763 1295 1798 vitent
1322 1776 1458 1807 senem,

310 1826 368 1872 qui
405 1826 436 1861 si
472 1826 588 1862 subito
623 1826 785 1861 adveniat
815 1829 851 1863 et
875 1827 995 1861 audiat
1018 1839 1191 1862 rumorem
1215 1827 1456 1871 convivarum,

309 1891 427 1927 statim
453 1890 639 1939 comperiet
663 1890 772 1926 filium
798 1903 898 1927 suum
923 1891 1137 1938 ligurriendo
1163 1904 1235 1927 rem
1269 1904 1365 1927 suam
1399 1891 1458 1927 ab·

309 1955 481 1991 sumsisse.
525 1955 628 2000 Quod
652 1955 843 2002 periculum
867 1959 908 1991 ut
932 1959 1065 1991 avertat
1090 1956 1216 1991 Tranio
1243 1956 1362 1991 dolum
1387 1969 1458 1991 ma-

310 2021 486 2065 chinatur,
514 2033 581 2067 quo
606 2020 773 2068 impediat
799 2020 983 2066 quominus
1009 2033 1113 2056 senex
1136 2020 1383 2057 bacchantibus
1402 2034 1458 2056 su-

308 2086 496 2134 perveniat.
547 2086 654 2122 Jubet
684 2085 782 2121 aedes
808 2085 941 2121 occludi
968 2086 1031 2132 (vs,
1057 2087 1164 2134 400),
1192 2086 1316 2121 deinde
1341 2086 1457 2121 horta-

309 2156 366 2187 tur
403 2164 460 2188 eos
498 2154 537 2188 ut
561 2154 681 2187 curent
704 2163 748 2186 ne
781 2150 857 2197 quis
883 2150 993 2187 ullum
1025 2151 1167 2187 verbum
1194 2151 1354 2195 muttiat‚
1382 2165 1459 2199 per--

309 2216 389 2252 inde
420 2229 458 2252 ac
492 2217 521 2252 si
560 2229 659 2252 nemo
698 2216 792 2251 intus
818 2219 924 2259 esset,
954 2219 1055 2262 atque
1081 2217 1110 2251 si
1137 2229 1240 2251 senex
1265 2216 1356 2252 fores
1383 2217 1459 2264 pul-

310 2284 377 2324 tet,
415 2293 515 2316 nemo
553 2280 757 2328 respondeat
792 2281 854 2327 (vs,
890 2281 989 2326 403).
1043 2280 1214 2316 Omnibus
1249 2281 1379 2328 paratis
1412 2281 1460 2315 sic

310 2350 349 2382 ut
391 2346 514 2394 jussit,
559 2346 685 2383 Tranio
724 2345 965 2382 advenientem
1000 2359 1115 2382 senem
1150 2346 1301 2383 ludibrio
1337 2346 1460 2382 habere
