1752 2978
866 274 935 308 124

315 360 358 396 ad
384 361 589 409 placandum
616 365 738 410 aptuS,
766 363 902 400 Terent.
930 363 1053 411 Adelp.
1087 362 1158 398 IV:
1196 365 1236 398 3:
1273 364 1335 407 17,
1371 362 1469 411 Virg.

314 427 402 463 Aen.
429 427 483 462 X:
509 429 599 462 481:
620 429 832 472 penetrabile
858 430 972 466 telum.

413 492 475 528 Vs.
502 493 610 529 1166.

340 557 446 594 Ciu.
473 557 653 604 Dispudet,
678 558 743 595 ΤΒ..
769 559 807 595 Si
830 561 931 596 istam
956 560 1017 595 das
1041 559 1186 602 veniam,
1214 559 1297 605 quid
1320 570 1368 594 me
1376 560 1443 606 fiet

463 636 553 659 nunc
576 624 675 660 iam?

315 688 385 723 Hic
409 701 528 725 versus
553 689 591 724 in
616 689 696 725 aliis
721 690 898 727 codicibus
923 691 1024 726 aliter
1048 690 1195 737 legitur3
1221 689 1259 724 in
1285 689 1314 724 B
1348 688 1415 723 sic:

342 752 406 788 ΤΒ..
432 753 632 799 Dispudetiae
658 758 727 789 tam
752 754 883 790 veniam
908 754 991 802 quid
1014 767 1063 790 me
1078 756 1156 802 fiet.
1174 754 1241 790 ΤΗ.
1260 753 1441 788 Nuntium.

314 826 366 862 Bb
392 826 496 863 habel:
519 807 694 871 nuniianm
722 828 760 864 in
787 828 826 865 F.
853 829 888 865 Z.
915 829 1062 876 legitur:

387 881 451 918 ΤΒ.
478 882 646 928 Dispudet
669 883 771 918 islam
795 883 926 918 veniam
950 883 1034 930 quid
1056 896 1105 918 me
1119 884 1187 930 fiet
1211 895 1300 918 nunc
1325 883 1390 917 iam

314 958 332 981 e
359 946 484 992 quibus
509 946 613 983 lectio
639 947 821 983 Ritschelii
846 947 1010 983 facillime
1036 947 1114 983 elici
1139 950 1266 995 potest.
1293 946 1466 994 Conjunc-

313 1011 364 1045 tio
390 1011 421 1046 si
446 1011 484 1047 in
509 1011 556 1056 F,
584 1012 625 1056 Z,
651 1013 751 1048 facile
768 1012 943 1048 absorberi
961 1012 1078 1060 potuit
1095 1012 1208 1060 prima
1225 1012 1355 1059 syllaba
1372 1011 1466 1047 vocis

313 1076 423 1113 istam.
466 1077 563 1122 Quae
590 1077 620 1113 si
638 1077 828 1122 inseratur,
858 1090 994 1113 necesse
1011 1080 1064 1113 est
1081 1077 1186 1113 etiam
1204 1077 1374 1112 inseratur
1391 1090 1465 1112 ver-

311 1141 394 1177 bum
420 1142 498 1186 das,
526 1155 593 1189 quo
612 1143 785 1178 sententia
810 1143 1022 1191 suppleatur.
1048 1142 1207 1189 Denique
1233 1142 1375 1178 verbum
1397 1142 1465 1177 dis-

303 1208 413 1252 pudet
443 1207 552 1243 tribui
588 1220 660 1243 non
694 1220 794 1256 posse
819 1207 1002 1252 Tranioni,
1029 1220 1131 1243 nemo
1155 1207 1323 1243 attentius
1348 1206 1466 1254 legens

310 1272 498 1319 negaverit.

409 1336 471 1372 Vs.
500 1338 609 1373 1169.

432 1401 594 1437 Tranioni
618 1401 686 1437 iam
711 1402 843 1438 remitte
867 1403 955 1438 lianc
980 1402 1114 1438 noxiam
1140 1414 1241 1437 causa
1267 1414 1348 1438 mea.

311 1466 380 1502 Pro
410 1467 477 1502 iam
516 1467 648 1503 remitte
682 1467 785 1514 vulgo
822 1467 950 1514 legitur
978 1467 1158 1510 ammitte,
1185 1466 1345 1513 quae⁸o‚”
1372 1467 1463 1513 quod

310 1543 428 1565 vereor
458 1533 499 1565 ut
532 1530 741 1566 Ritschelius
776 1534 867 1566 recte
895 1531 1082 1566 mutaverit
1112 1533 1233 1566 contra
1264 1530 1364 1565 fidem
1385 1531 1462 1578 plu-

309 1595 476 1631 rimorum
508 1595 677 1632 codicum.
729 1595 821 1632 Mihi
852 1595 990 1643 quidem
1022 1595 1111 1632 illud
1144 1608 1262 1643 quaeso
1289 1596 1373 1631 satis
1403 1610 1461 1644 ap-

309 1664 385 1696 tum
411 1660 548 1696 videtur
572 1661 802 1709 supplicanti,
830 1673 934 1708 quare
958 1660 1177 1697 retinendum
1203 1673 1335 1697 cense0.

408 1725 469 1761 Vs.
497 1726 606 1762 1172.

310 1790 415 1826 CALL.
434 1790 551 1834 Mitte,
570 1802 701 1838 quaeso,
720 1791 833 1826 istum.
848 1791 915 1826 ΤΗ.
937 1791 1059 1837 [Illum
1077 1797 1113 1826 ut
1129 1789 1296 1838 mittam?]
1316 1792 1412 1827 viden
1429 1798 1465 1826 ut

457 1861 546 1891 astat
559 1853 740 1903 furcifer?

308 1920 440 1955 Verba:
462 1922 596 1964 amitte,
616 1933 752 1968 quaeso,
772 1919 897 1956 istum''
916 1921 953 1955 in
972 1921 1125 1955 editione
1143 1920 1267 1955 Weisii
1286 1933 1460 1967 perperam

308 1985 473 2020 Tranioni
500 1985 720 2030 tribuuntur,
747 1998 810 2034 pro
837 1985 951 2021 verbis
977 1984 1204 2033 Theuropidis
1222 1985 1324 2032 vulgo
1342 1985 1461 2033 legun-

308 2055 364 2086 tur
389 2051 489 2086 haec:

358 2143 366 2150 .
395 2142 404 2151 .
432 2142 441 2151 .
470 2142 479 2151 .
506 2115 568 2150 ΤΕ.
602 2114 703 2151 Mitte
728 2121 764 2150 tu
794 2127 857 2150 me.
884 2115 950 2150 ΤΗ.
975 2115 1083 2157 Hem,
1111 2116 1225 2159 viden,
1253 2121 1289 2150 ut
1313 2121 1417 2151 restat

448 2179 604 2227 furcifer
614 2178 632 2214 ?

308 2245 508 2280 adversante
534 2248 664 2289 metro;
690 2257 794 2290 quare
821 2244 1032 2280 Bitschelius
1056 2248 1146 2280 recte
1168 2245 1314 2281 inseruit
1340 2245 1459 2281 verba:

308 2308 405 2346 illum
428 2315 465 2345 ut
477 2307 644 2354 mittam”‚
659 2321 746 2355 quae
759 2307 865 2345 etiam
883 2308 999 2345 sensui
1016 2309 1195 2358 aptissima
1215 2313 1315 2355 sunt,
1334 2310 1461 2358 quippe
