1752 2978
851 375 895 408 89

308 464 433 508 Quasi
455 464 629 511 llaqitator
653 468 747 501 astat
772 478 874 513 neque
900 466 946 501 ad
970 466 1100 502 ostium.
1139 479 1142 482 ’

298 528 392 565 Haec
415 529 519 566 verba
544 529 738 578 significant
762 531 971 567 eontrarium
997 531 1069 566 fieri
1096 531 1184 577 ejus,
1214 528 1305 575 quod
1326 541 1444 564 servus

297 594 439 630 dixerat.
479 595 573 630 Simo
599 595 708 631 dixit:
740 596 886 641 nQuum
913 595 996 631 alibi
1022 595 1136 630 ubivis
1160 595 1281 630 umbra
1298 597 1366 637 est,
1390 593 1444 628 sol

296 672 316 694 a
341 660 512 695 matutino
537 664 690 707 tempore
715 660 758 695 ad
783 673 958 707 vesperam
986 660 1023 695 in
1044 659 1185 695 aedibus
1212 663 1279 702 est,
1307 662 1346 694 ut
1372 671 1443 693 cre-

297 724 389 759 ditor
415 723 668 772 importunus.”

395 789 455 825 Vs.
486 791 565 826 778.

398 854 494 890 Vekit
517 855 570 890 hic
593 855 759 899 clitellas,
787 855 878 890 vehit
904 855 957 890 hic
982 858 1093 890 autem
1118 855 1208 889 alter
1234 867 1343 890 senex,

298 919 455 955 Clitellae
479 923 561 955 sunt
598 920 779 967 ephippia,
818 932 904 966 quae
938 919 1166 967 imponuntur
1188 919 1372 966 jumentiS‚
1400 919 1441 954 ad

296 997 399 1020 onera
424 984 636 1021 commodius
661 985 835 1032 gestanda.
863 984 916 1021 Cf.
944 984 1068 1021 Horat.
1095 985 1166 1020 Sat.
1193 984 1230 1020 I:
1261 985 1302 1019 5:
1328 985 1374 1020 47

419 1051 510 1086 Hinc
534 1051 618 1086 muli
646 1052 777 1096 Capuae
800 1051 949 1086 clitellas
975 1055 1117 1096 tempore
1133 1054 1278 1095 ponunt.

295 1115 438 1151 Phaedr.
477 1115 547 1151 Fab
586 1115 623 1151 I:
652 1117 709 1151 15.
749 1115 932 1163 Oomparat
970 1115 1078 1162 igitur
1113 1128 1209 1150 senes
1236 1127 1313 1150 cum
1340 1114 1444 1150 mulis

294 1179 470 1227 dicitque:
512 1180 825 1227 nquemadmodum
866 1181 946 1216 hero
995 1194 1071 1216 meo
1121 1180 1266 1216 clitellas
1301 1180 1442 1228 impono

294 1257 438 1291 eumque
463 1245 523 1280 has
549 1245 670 1281 vehere
695 1245 802 1289 facio,
831 1249 870 1281 ut
896 1258 997 1293 super
1023 1245 1094 1280 illis
1122 1258 1222 1280 omne
1241 1257 1348 1287 onuS,
1378 1244 1443 1279 hoc

294 1313 365 1353 est,
397 1310 494 1346 dolos
520 1314 555 1346 et
580 1310 730 1346 fallacias
765 1323 856 1346 meas
892 1311 1089 1358 imponam,
1125 1311 1185 1346 ita*
1212 1314 1246 1346 et
1278 1310 1335 1346 hic
1358 1310 1444 1346 alter

294 1386 397 1410 senex
430 1376 524 1411 vehit
552 1375 743 1420 clitellas,”
775 1379 839 1412 cet.
866 1376 901 1411 h.
928 1389 957 1412 e.
985 1376 1062 1411 aliis
1089 1376 1203 1411 verbis
1233 1379 1445 1421 antrumque

294 1440 399 1486 probe
425 1440 618 1475 ludificatus
645 1440 757 1476 sum.''
785 1440 837 1476 Of.
865 1440 1012 1487 Pylades
1038 1441 1081 1475 ad
1105 1441 1139 1476 h.
1158 1440 1190 1475 Α1.

394 1504 455 1540 Vs.
485 1506 553 1542 783
581 1518 630 1551 sq.

345 1570 446 1605 Nune
471 1571 559 1605 bunc
583 1571 717 1606 bauscio
743 1585 786 1605 an
815 1572 1006 1617 conloquar.
1034 1571 1256 1615 conqredibor.

344 1635 438 1670 Heus
465 1635 694 1680 Tkeuropides.
721 1635 788 1671 ΤΗ.
812 1636 913 1679 Hem,
942 1636 1016 1682 quis
1042 1636 1095 1671 hie
1122 1636 1271 1671 nominat
1295 1633 1370 1670 me?

296 1700 346 1734 Hi
373 1712 489 1734 versus
516 1700 565 1735 sic
590 1700 751 1746 leguntur
777 1701 814 1735 in
841 1700 957 1735 codice
982 1700 1043 1735 B.:

295 1765 395 1799 Nune
420 1765 508 1799 bunc
533 1765 667 1799 kauseio
694 1778 739 1799 an
765 1778 823 1800 con
849 1766 1031 1811 conloquar
1057 1765 1253 1810 conyrediar

294 1830 388 1865 Heus
420 1829 658 1874 tkeupropz'des.
690 1829 756 1865 ΤΗ.
783 1813 943 1876 Ηεῆαἱε
970 1857 1165 1865 ......
1195 1830 1345 1865 nominat
1371 1829 1447 1865 me?

297 1895 387 1930 unde
426 1894 525 1930 facile
558 1894 676 1941 colligi
707 1894 826 1929 liceret
860 1894 914 1928 his
949 1894 1103 1929 versibus
1143 1894 1274 1940 aliquid
1311 1895 1445 1938 deesse,

297 1959 387 2006 quod
413 1963 526 1994 tamen
553 1959 722 1994 refutatur
747 1959 894 1994 lectione
920 1958 1052 1994 codicis
1076 1960 1135 1994 A.:

456 2013 1289 2067 m]NcHUNcHAoscloANcoanUARCONGREDIA13

457 2099 785 2124 HEUSTHEOROPIDES
811 2098 1259 2132 HEMQUISHIONOMINATME.

298 2154 403 2189 Metti
431 2166 529 2189 causa
556 2160 670 2188 tamen
697 2154 819 2188 melius
846 2154 912 2188 erit
938 2154 1048 2200 legere
1078 2153 1355 2198 'lconyrediborff
1380 2166 1447 2199 quo

297 2218 440 2254 efficitur
465 2218 581 2254 bacch.
608 2222 742 2254 tetram.
770 2222 875 2262 anat„
904 2219 1019 2266 quales
1040 2218 1143 2254 etiam
1161 2222 1242 2254 sunt
1261 2231 1378 2254 versus
1396 2232 1447 2254 se-

297 2287 441 2331 quentes
465 2296 573 2330 usque
598 2284 641 2319 ad
668 2297 717 2319 VS.
746 2285 828 2319 803.

300 2349 538 2395 Conqredibor;
567 2362 666 2397 saepe
694 2349 837 2385 Plautus
866 2350 977 2386 verbis
1006 2350 1125 2385 tertiae
1152 2353 1186 2384 et
1210 2352 1350 2395 quartae
1368 2363 1448 2385 con-

294 2415 485 2463 jugationis
521 2416 555 2450 in
596 2417 624 2450 7'0
660 2419 691 2449 et
720 2415 770 2450 ior
797 2416 911 2451 futura
941 2416 1065 2451 tribuit
1091 2416 1126 2450 in
1154 2415 1202 2450 ibo
1229 2419 1263 2449 et
1289 2415 1369 2450 ibor.
1397 2415 1449 2450 Cf.
