1752 2978
867 262 911 296 32

408 352 469 388 Vs.
499 354 582 387 140.

552 417 756 453 Deturbavit
781 419 966 465 detexitque
992 420 1033 453 de
1060 430 1111 453 me
1136 417 1226 452 ilico.

309 483 449 519 Detexit
474 484 515 517 (le
546 496 614 526 me,
643 483 695 518 Cf.
723 483 825 529 Epid.
853 482 888 517 I:
920 484 961 517 1:
989 484 1035 518 67

543 548 729 595 Demyetur
754 549 883 582 corium
910 549 951 584 de
977 554 1069 596 teryo
1095 548 1194 584 meo!

307 613 467 648 Ceterum
502 614 539 648 in
575 613 825 660 significatione
851 614 1069 658 detrahendi,
1100 616 1140 650 ut
1165 614 1230 649 hoc
1255 613 1350 657 loco,
1378 612 1467 648 illud

306 678 449 713 verbum
483 679 633 724 deteyere
659 679 763 714 etiam
791 679 1004 714 construitur
1030 691 1109 714 cum
1142 691 1209 714 acc.
1251 678 1300 713 rei
1334 682 1369 713 et
1395 677 1465 714 dat.

305 756 489 791 personae,
519 757 567 779 vs.
596 745 678 780 162.
707 757 756 790 sq.

317 810 425 845 ‘Haec
448 809 542 844 illast
567 815 744 857 tempestas
770 822 863 851 mea,
893 809 1080 857 mihiquem
1097 811 1293 846 modestiam
1311 821 1440 844 omnem

329 874 469 910 Detexit
494 880 559 909 cet.

306 939 465 985 idemque
493 942 728 974 constructum
772 938 978 974 offendimus
1017 951 1109 974 cum·
1126 951 1193 974 acc.
1233 938 1284 973 rei
1323 943 1358 973 et
1397 937 1464 973 abl.

305 1004 448 1039 alterius
487 1004 558 1047 rei,
599 1005 674 1038 sine
712 1004 970 1051 praepositione
1008 1005 1064 1047 de;
1104 1003 1157 1039 Of.
1185 1003 1314 1039 Lucan.
1342 1002 1464 1038 Phars.

306 1070 385 1104 III:
429 1070 499 1104 128
541 1073 575 1103 et
610 1069 670 1104 Sil.
720 1068 800 1103 Ital.
837 1068 933 1104 XIII
944 1084 951 1104 :
999 1070 1089 1104 168:
1131 1070 1284 1104 strictum
1313 1080 1466 1117 propere

304 1136 429 1182 vayz'na
456 1135 578 1181 deteyz't
603 1146 721 1169 ensem.

402 1200 463 1235 Vs.
493 1201 576 1235 142.

542 1263 715 1300 ‘Continuo
735 1277 806 1312 pro
832 1266 940 1301 imbre
966 1278 1064 1300 amor
1090 1267 1225 1301 advenit

304 1331 375 1365 Pro
401 1330 502 1365 imbre
529 1330 553 1365 i.
581 1343 609 1365 e.
637 1329 712 1364 loco
740 1330 879 1373 imbris;
914 1331 1087 1365 sententia
1114 1334 1183 1365 est:
1215 1350 1232 1370 u
1244 1331 1353 1366 imber
1386 1332 1462 1377 (sic-

305 1399 344 1431 ut
379 1395 482 1430 modo
518 1395 620 1441 dixit)
660 1395 815 1442 perpluit
847 1396 945 1442 tigna
979 1399 1014 1430 et
1047 1395 1225 1439 imbrices,
1267 1409 1362 1431 amor
1387 1409 1462 1443 pcr-

303 1460 395 1507 pluit
421 1473 478 1494 cor
505 1459 663 1503 meum'’;
692 1460 906 1506 significatur
932 1460 997 1495 hoe
1023 1461 1150 1495 amoris
1176 1461 1337 1507 impetus,

400 1524 460 1560 Vs.
491 1526 573 1560 146.

318 1591 430 1637 Atque
447 1589 567 1637 edepol
585 1591 636 1624 ita
655 1590 749 1636 tiyna
766 1590 879 1624 umide
895 1589 976 1625 haee
988 1596 1126 1637 putent,
1145 1603 1211 1625 non
1230 1591 1350 1626 videor
1367 1590 1453 1625 milli

302 1655 434 1689 dictum
461 1666 541 1701 pro:
573 1656 648 1693 'sita
668 1659 791 1701 putent
815 1660 851 1688 ut
878 1666 944 1688 non
970 1655 1087 1689 videar
1112 1655 1196 1689 mila·
1230 1660 1294 1690 cet.
1334 1654 1461 1690 Laxior

301 1719 502 1768 hujusmodi
540 1720 704 1767 junctura
748 1719 908 1765 frequens
952 1725 1004 1754 est
1050 1724 1130 1767 post
1172 1724 1303 1756 tantum
1351 1722 1460 1764 abest,

302 1785 438 1830 quando
465 1798 527 1832 pro
562 1785 670 1819 altero
706 1789 745 1819 ut
778 1784 924 1831 ponitur
958 1784 1180 1821 indicativus.
1233 1785 1285 1820 Cf.
1322 1784 1392 1820 Cic.
1420 1785 1461 1820 de

301 1850 424 1886 Finn.:
451 1850 510 1885 II:
551 1851 596 1886 17
646 1868 665 1890 tt
681 1851 709 1885 is
742 1851 831 1886 enim
861 1852 922 1898 qui
951 1850 1096 1885 occultus
1125 1857 1155 1886 et
1193 1856 1293 1886 tectus
1318 1851 1460 1892 dieitur,

301 1922 431 1949 tantum
458 1915 548 1949 abest
572 1921 608 1948 ut
633 1928 666 1950 se
691 1916 834 1956 indicet,
856 1916 1012 1962 perficiet
1041 1913 1204 1955 tamen;”
1245 1918 1327 1957 cet„
1368 1914 1460 1949 Ibid.

301 1980 350 2014 V:
382 1981 445 2014 20:
478 1997 496 2019 η
507 1991 575 2026 qua
612 1981 647 2014 in
687 1980 755 2015 vita
794 1985 923 2014 tantum
962 1979 1053 2014 abest
1091 1985 1127 2013 ut
1165 1979 1347 2026 voluptates
1383 1992 1458 2013 con-

298 2051 477 2087 sectentur,
506 2045 607 2079 etiam
633 2058 732 2078 curas
761 2072 768 2079 .
799 2072 806 2079 .
836 2072 843 2079 .
873 2072 880 2079 .
917 2042 1142 2091 perferunt,”
1184 2043 1283 2078 Brut.
1311 2056 1383 2090 cap.
1413 2045 1456 2078 80

305 2128 323 2148 u
334 2109 457 2156 Itaque·
487 2115 616 2143 tantum
652 2109 781 2151 abfuit,
817 2116 853 2143 ut
887 2109 1128 2157 inflammares
1154 2114 1281 2144 nostros
1308 2111 1458 2151 animos;

300 2187 452 2209 somnum
477 2177 539 2209 isto
566 2175 637 2209 loco
663 2177 720 2209 viae
746 2175 945 2209 tenebamus.

398 2238 460 2273 Vs.
489 2240 571 2274 153.

402 2332 409 2338 .
440 2332 459 2342 ,Α
478 2331 635 2339 .....
663 2304 835 2340 victitabat
861 2303 971 2351 volup.
