1752 2978
879 341 923 375 13

326 431 362 466 Si
397 431 489 467 enim
525 444 591 467 vss.
628 433 821 467 858—903
862 444 930 467 una
956 432 1061 467 Scena
1099 430 1300 466 continuata
1340 430 1476 477 legendi

326 496 462 541 forent,
490 500 579 532 certe
612 496 801 533 Phaniscus
835 500 870 532 et
902 496 1108 533 Advorsitor
1140 496 1244 532 simul
1276 495 1313 531 in
1339 507 1474 530 scenam

325 562 534 608 prodiissent
572 574 707 596 necesse
753 565 858 605 esset,
899 562 990 607 quod
1028 574 1098 596 non
1135 562 1263 596 factum
1295 573 1368 595 esse
1394 560 1475 595 inde

325 628 484 673 apparet,
512 625 603 672 quod
628 625 832 669 Phaniscus,
860 625 942 660 dum
980 624 1201 671 soliloquium
1233 637 1333 660 suum
1359 624 1473 667 effert,

324 702 511 737 numquam
539 703 582 726 ne
615 703 684 726 uno
716 690 854 737 quidem
879 690 983 726 verbo
1021 690 1231 725 mentionem
1257 690 1341 725 facit
1366 689 1472 725 alieu-

322 756 379 802 jus
404 755 609 803 praesentis,
635 755 695 802 qui
720 755 751 790 si
776 755 960 799 adfuisset,
988 755 1061 791 sine
1079 755 1183 791 dubio
1202 755 1246 790 ad
1262 755 1353 790 hunc
1370 755 1474 791 verba

324 820 470 856 fecisset.
496 820 498 822 “
521 819 649 856 Contra
686 833 752 856 vss.
792 822 985 856 904-992
1024 833 1091 856 una
1129 819 1239 857 Scena
1271 820 1473 856 continuata

324 884 479 930 legendi,
515 897 578 920 nec
608 885 783 920 incidendi
819 889 899 932 post
932 898 982 921 vs.
1024 886 1106 922 932.
1169 886 1247 922 Vss.
1278 887 1471 921 904—932

324 949 533 995 colloquium
586 950 699 996 agitur
745 949 972 997 Theuropidis
1017 962 1094 985 cum
1131 950 1301 985 Tranione
1339 950 1380 985 de
1418 963 1472 985 ae-

324 1013 425 1048 dibus
451 1025 534 1059 quas
559 1013 793 1049 Philolachem
811 1014 933 1050 emisse
950 1014 1066 1061 fingit,
1093 1014 1393 1062 Theuropidesque
1417 1028 1473 1050 eas

324 1077 464 1122 laudat,
503 1078 621 1114 ambos
657 1079 765 1125 igitur
802 1079 840 1113 in
866 1091 966 1114 scena
991 1092 1063 1114 esse
1089 1092 1224 1114 necesse
1250 1083 1313 1115 est.
1340 1079 1473 1124 Quodsi

325 1147 439 1179 autem
482 1147 561 1192 post
611 1157 662 1180 vs,
702 1145 772 1179 932
813 1144 920 1180 scena
955 1157 1044 1180 nova
1088 1144 1253 1192 incipiat,
1294 1144 1359 1180 hoc
1400 1145 1473 1180 fieri

324 1208 424 1243 aliter
458 1222 528 1244 non
559 1212 691 1256 potest,
726 1209 794 1245 nisi
827 1209 1060 1257 Theuropides
1085 1223 1135 1245 vs.
1165 1211 1233 1244 930
1263 1209 1414 1245 discedat
1439 1214 1475 1244 et

324 1285 373 1309 vs.
403 1274 471 1309 935
499 1273 590 1310 idem
617 1274 735 1309 statim
749 1302 758 1318 ,
787 1273 884 1320 quasi
916 1273 957 1309 de
989 1274 1083 1310 coelo
1115 1274 1250 1322 lapsus,
1283 1277 1474 1310 revertatur

323 1339 415 1385 quod
441 1339 625 1375 absurdum
651 1339 724 1375 fore
750 1339 923 1374 neminem
957 1339 1077 1386 fugiet.
1129 1340 1237 1375 Actus
1265 1339 1378 1386 quinti
1406 1353 1472 1375 vss.

326 1404 568 1438 1041—1121
621 1403 724 1450 vulgo
774 1415 843 1438 una
886 1403 992 1438 Scena
1044 1403 1244 1438 continuata
1293 1403 1474 1450 leguntur,

324 1480 441 1503 verum
480 1468 702 1504 incidendum
740 1473 792 1504 est
825 1472 905 1516 post
948 1481 998 1504 vs.
1039 1470 1147 1504 1063.
1205 1469 1282 1504 Vss.
1328 1469 1475 1503 1041-

326 1534 421 1568 1063
473 1533 598 1569 Tranio
646 1533 739 1569 solus
778 1533 816 1569 in
851 1533 957 1569 Scena
994 1532 1113 1578 adest,
1161 1534 1288 1581 quippe
1328 1533 1386 1580 qui
1432 1546 1475 1568 ne

323 1597 426 1633 verbo
453 1598 591 1644 quidem
617 1598 766 1644 aliquem
786 1602 1000 1645 praesentem
1018 1598 1175 1633 nominet
1181 1613 1191 1642 3
1211 1598 1314 1644 idque
1332 1602 1474 1646 apparet

323 1662 406 1697 item
433 1675 451 1697 e
476 1675 543 1698 vss.
572 1664 815 1698 1062—1063
842 1662 966 1709 quibus
1005 1662 1137 1698 domini
1175 1662 1360 1698 adventum
1386 1675 1473 1698 nun-

322 1726 389 1763 tiat
419 1726 551 1763 verbis:

322 1858 379 1893 Set
404 1858 486 1904 quid
508 1858 566 1893 hoe
592 1862 661 1901 est,
689 1858 777 1904 quod
789 1857 889 1905 foris
916 1858 1106 1903 concrepuit
1123 1857 1299 1903 proximae
1316 1857 1470 1893 viciniae.

322 1924 411 1958 Erus
436 1935 525 1958 meus
550 1923 603 1958 laic
628 1922 790 1969 quidemst
810 1950 993 1958 .......

421 1988 554 2034 Quodsi
584 1988 816 2035 Theuropides
848 1987 1030 2032 adfuisset,
1064 1991 1155 2023 certe
1180 2000 1250 2023 non
1272 1999 1359 2035 opus
1386 1987 1470 2023 fuis-

322 2057 374 2088 set
412 2053 494 2088 haec
529 2052 632 2088 verba
665 2052 828 2100 proferre.
888 2052 1011 2098 Itaque
1051 2051 1251 2087 distributio
1288 2052 1469 2087 Scenarum

259 2108 285 2142 ⁸⁸
321 2117 431 2154 totius
457 2117 591 2154 fabulae
615 2117 752 2153 haecce:

345 2248 424 2285 Act.
481 2248 512 2284 I.
671 2260 720 2284 vs.
799 2248 871 2283 1—
922 2248 981 2283 83.
1008 2247 1112 2296 vulgo
1139 2248 1215 2284 Act.
1279 2247 1310 2283 I.
1337 2260 1383 2285 se.
1412 2248 1445 2284 1.

345 2315 424 2349 Act.
462 2313 513 2349 II.
541 2326 586 2349 sc.
615 2315 648 2349 1.
681 2332 699 2354 η
776 2314 872 2347 85-
900 2314 983 2348 156.
1039 2332 1057 2353 ῃ
1134 2314 1212 2348 Act.
1278 2313 1309 2349 I.
1337 2326 1382 2348 sc.
1412 2315 1444 2348 2.

346 2380 422 2415 Act.
467 2379 517 2415 II.
546 2392 590 2415 SC.
620 2381 652 2414 2.
683 2397 700 2419 Ι]
756 2379 876 2414 157-—
903 2379 986 2414 312.
1043 2397 1060 2419 n
1136 2380 1214 2415 Act.
1279 2378 1309 2416 I.
1337 2391 1382 2415 SC.
1411 2380 1444 2415 3.
