1752 2978
885 306 905 340 9

321 396 458 440 emisse,
486 409 602 432 servus
628 409 707 432 vero
733 397 853 433 herum
886 399 1004 432 monet
1038 408 1081 431 ne
1114 395 1220 431 nimis
1252 407 1309 430 eos
1335 392 1470 436 laudet,

321 461 400 507 quia
435 461 527 497 Simo
561 461 671 497 tristis
710 462 757 497 sit
794 462 886 509 quod
920 465 1061 509 propter
1094 460 1274 508 penuriam
1305 457 1472 506 pecuniae

320 526 417 562 aedes
448 526 614 563 vendidit.
643 528 705 573 (νε.
721 528 939 574 711—857).
990 527 1083 562 Dum
1109 526 1163 561 illi
1188 524 1470 566 confabulantur,

320 590 386 626 duo
407 590 496 627 servi
519 578 771 635 Callidamatis,
791 591 979 627 Phaniscus
997 594 1032 626 et
1045 590 1268 634 Advorsitor,
1298 589 1364 636 (Cf.
1393 588 1471 624 Not

318 656 361 691 ad
387 669 437 692 νε.
456 657 663 702 313—314)
683 656 743 702 qui
755 656 845 703 jussi
871 660 968 691 erant
992 656 1171 691 dominum
1191 654 1363 702 opperiri,
1391 653 1468 701 pul-

319 723 396 754 sant
417 720 507 755 fores
524 719 661 755 aedium
680 719 927 767 Theuropidis‚
945 723 1108 768 putantes
1126 720 1248 755 herum
1268 719 1365 754 intus
1383 730 1467 753 esse.

317 783 410 820 Dum
434 784 573 832 pultant
597 771 758 820 et'nemo
785 785 896 833 aperit
921 785 1057 821 obviam
1082 785 1127 820 iis
1153 785 1192 820 fit
1209 783 1467 831 Theuropide5‚

318 849 377 895 qui
414 862 492 884 eum
530 849 701 885 Tranione
736 849 778 885 de
812 850 963 885 emtione
990 850 1054 885 filii
1086 850 1140 885 sui
1166 848 1376 895 colloquitur
1405 850 1467 894 (vs.

320 914 526 960 904—932)
553 917 719 961 rogatque
757 914 838 961 quid
874 914 942 950 sibi
972 914 1093 950 velint.
1153 914 1253 949 Unus
1285 912 1470 961 respondet

318 990 354 1013 se
376 979 490 1025 jussos
515 991 588 1014 esse
613 979 764 1026 opperiri
790 980 970 1015 dominum
996 979 1255 1014 Callidamatem
1282 989 1360 1013 cum
1385 977 1469 1013 Phi-

318 1041 413 1077 lache
451 1045 641 1090 potantem.
692 1043 927 1092 Theuropides
966 1055 1024 1079 eos
1063 1046 1181 1078 monet
1218 1055 1261 1078 ne
1294 1041 1409 1077 oleum
1432 1045 1469 1077 et

319 1119 455 1154 operam
481 1108 627 1154 perdant
651 1108 837 1156 pultando,
865 1120 970 1155 quum
992 1109 1066 1156 jam
1090 1120 1151 1155 per
1172 1120 1232 1143 sex
1257 1118 1391 1142 menses
1408 1118 1468 1140 ne-

318 1183 373 1206 mo
401 1171 438 1206 in
464 1172 519 1207 his
546 1172 686 1208 aedibus
709 1172 881 1209 habitaret
917 1174 979 1220 (vs.
1014 1173 1110 1220 954).
1145 1171 1241 1208 Servi
1273 1174 1401 1218 negant
1431 1170 1469 1206 id

318 1249 435 1277 verum
466 1250 557 1281 esse,
595 1238 782 1284 dicuntque
813 1238 963 1274 habitari
1003 1238 1102 1273 aedes
1137 1250 1157 1273 a
1187 1237 1405 1280 Philolache,
1433 1240 1469 1271 et

317 1301 367 1336 ita
392 1301 532 1337 tandem
563 1314 666 1337 senex
690 1315 827 1338 omnem
852 1315 925 1338 rem
951 1302 1127 1350 cognoscit
1154 1303 1217 1350 (vs.
1243 1302 1467 1348 932—992.)

416 1367 502 1402 Adjt
526 1367 719 1412 Simonem3
746 1367 801 1403 cui
827 1380 933 1414 quum
958 1371 1139 1415 argentum
1160 1368 1291 1404 solvere
1309 1366 1385 1402 vult
1403 1379 1470 1413 quo

317 1432 415 1467 aedes
453 1445 473 1467 a
510 1432 708 1469 Philolache
751 1436 859 1468 emtas
896 1445 968 1468 esse
1007 1432 1181 1476 credebat,
1214 1432 1338 1468 certior
1370 1433 1408 1467 fit
1434 1445 1470 1467 se

317 1497 436 1533 multis
474 1498 585 1534 modis
628 1512 648 1534 a
683 1511 780 1534 servo
819 1498 990 1534 Tranione
1028 1498 1181 1534 ludibrio
1213 1497 1371 1533 habitum
1397 1510 1471 1533 esse

319 1564 380 1608 (vs.
409 1565 642 1610 992—1040)
671 1568 705 1599 et
742 1577 888 1611 poenam
915 1564 957 1599 de
982 1576 1022 1599 eo
1050 1576 1183 1599 sumere
1216 1563 1351 1599 statuit.
1403 1564 1469 1598 Ar-

316 1627 419 1662 cessit
451 1628 595 1664 lorarios
621 1629 681 1675 qui
707 1629 913 1665 Tranionem
950 1630 1158 1676 prehensum
1193 1629 1300 1676 virgis
1326 1629 1470 1664 caedant

317 1694 380 1738 (vs.
408 1694 678 1740 1064—1067).
729 1684 779 1728 At
817 1706 934 1729 servus
967 1697 1008 1729 ut
1046 1707 1088 1729 ex
1112 1694 1167 1729 his
1198 1693 1363 1740 cognovit
1396 1706 1468 1729 rem

315 1757 427 1805 palam
452 1758 576 1793 factam
602 1771 692 1803 esse,
720 1758 846 1794 timens
872 1771 915 1794 ne
953 1759 1093 1794 meritas
1118 1771 1181 1806 pro
1208 1758 1310 1806 culpa
1339 1771 1468 1806 poenas

318 1823 394 1867 det,
421 1823 464 1859 ad
489 1836 581 1859 aram
608 1837 643 1860 se
668 1824 840 1860 convertit
866 1825 928 1872 (vs.
957 1825 1085 1871 1094),
1115 1837 1157 1860 ex
1188 1837 1228 1859 eo
1260 1824 1335 1860 loco
1362 1824 1404 1860 de
1430 1838 1467 1860 re

318 1902 378 1925 sua
402 1889 555 1937 disputat
582 1893 617 1925 et
641 1902 774 1925 summa
798 1902 875 1925 cum
892 1889 1109 1937 impudentia
1129 1890 1250 1925 herum
1271 1890 1466 1925 ludificatur

319 1955 380 2000 (νε.
413 1955 682 2002 1095—1121).
733 1955 1001 2002 Disputantibus
1034 1954 1233 2002 supervenit
1259 1954 1488 1990 Callidama-·

317 2023 368 2054 tes
400 2019 535 2055 veniam
567 2033 630 2067 pro
656 2020 854 2055 Philolache
891 2023 1073 2066 rogaturus
1113 2032 1295 2066 senemque
1320 2020 1363 2055 ad
1388 2033 1464 2055 coe-

316 2096 395 2119 nam
422 2088 620 2129 vocaturus,
647 2088 687 2120 ut
711 2084 761 2121 ibi
788 2084 904 2120 omnia
929 2084 1156 2129 dirimantur,
1184 2085 1276 2131 quod
1302 2085 1466 2133 impetrat

317 2150 379 2195 (νε.
421 2150 696 2197 naz—1165),
730 2162 827 2185 servo
860 2162 940 2186 vero
975 2150 1042 2186 sibi
1077 2162 1210 2197 quoque
1242 2150 1378 2186 veniam
1409 2163 1465 2186 ro-

314 2214 411 2260 ganti
445 2227 547 2250 senex
579 2215 684 2250 minis
717 2215 912 2262 respondet.
972 2215 1154 2251 Postremo
1187 2219 1303 2251 tamen
1328 2229 1349 2251 a
1388 2216 1465 2251 Cal-

314 2278 476 2315 lidamate
511 2283 669 2315 exoratus
704 2293 800 2316 servo
831 2279 916 2316 item
941 2280 1077 2329 culpam
1102 2280 1293 2326 condonat,
1321 2294 1467 2328 eumque

315 2345 454 2392 impune
481 2345 624 2381 missum
651 2346 734 2382 facit
761 2347 822 2392 (vs.
851 2347 1123 2393 1166-1181).

0 2937 882 2978 ω.ψῳωὶυ,ὶψαιᾼιῡωω,λήψῃ
901 2972 928 2978 ,..,»
945 2976 949 2978 .
975 2968 999 2978 A>
