1752 2978
846 328 888 364 79

290 418 331 453 de
364 419 473 455 Pond.
501 432 550 455 vs.
578 420 644 463 37,
672 419 742 455 Cic.
770 420 868 455 Tusc.
896 420 927 453 V
954 432 1025 468 cap.
1055 422 1117 464 32,
1146 420 1198 455 Id.
1228 433 1290 468 pro
1319 420 1437 456 Rabir.

290 483 385 521 Post.
424 498 496 534 cap.
538 488 578 530 8,
618 486 716 533 Virg.
757 487 844 522 Aen.
879 486 929 521 V:
972 488 1060 530 112,
1103 487 1196 522 Plin.
1232 487 1325 523 Hist.
1354 487 1436 522 Nat..

290 550 427 585 XXXV
464 563 537 598 cap.
578 553 641 595 10,
679 551 846 586 XXXIII
886 563 958 599 cap.
999 552 1040 595 3,
1072 551 1187 587 senec.
1214 551 1379 588 ContrOV.
1408 552 1439 585 V

289 627 360 663 cap.
389 617 454 660 34,
482 616 562 652 Aul.
590 615 680 652 Gell.
707 616 754 652 N.
782 616 825 651 A.
854 615 914 651 III
932 628 1005 664 cap.
1027 617 1092 659 17,
1112 616 1203 653 Serv.
1220 617 1263 652 ad
1281 618 1368 653 Aen.
1388 617 1438 653 V:

290 681 360 714 112
388 684 422 715 et
447 680 518 715 IX:
545 682 628 715 265.
672 681 723 715 De
751 680 901 727 pondere
927 680 980 716 Cf.
1008 680 1105 726 Virg.
1134 682 1221 716 Aen.
1250 681 1321 716 XI:
1349 683 1437 725 333,

290 745 380 781 Plin.
409 745 503 782 Hist.
531 745 614 781 Nat.
642 744 697 780 IX
723 757 796 793 cap.
818 747 883 789 14«,
903 744 979 780 XII
997 758 1070 793 cap.
1101 747 1145 781 17
1174 759 1201 781 s.
1221 746 1245 782 f.
1266 746 1317 782 Cf.
1337 760 1439 794 porro

289 812 386 847 Paul.
425 812 713 858 Beal-Encyclop.
753 824 785 846 ν.
827 812 1003 846 talentum.
1051 811 1132 846 Fuit
1164 811 1267 846 etiam
1294 812 1440 847 alterum

288 888 395 922 genus
433 876 556 911 talenti
594 876 721 919 Attici,
756 875 848 922 quod
879 876 990 923 majus
1020 876 1073 910 vel
1103 889 1262 923 maynum
1300 881 1440 919 vocant,

288 940 416 976 habens
442 940 484 975 ad
502 940 606 984 illud,
641 940 733 987 quod
759 939 861 975 modo
886 939 1060 983 diximus,
1087 940 1346 987 proportionem
1373 953 1441 975 ses—

289 1005 505 1051 quitertiam,
533 1005 713 1041 continens
740 1005 916 1053 octoginta
941 1005 1063 1040 minas.
1115 1005 1295 1041 Interdum
1326 1009 1441 1040 tamen

290 1070 473 1118 scriptores
500 1071 660 1107 talentum
686 1084 846 1118 maynum
867 1074 991 1106 vocant
1013 1071 1102 1106 illud
1125 1071 1217 1117 quod
1234 1071 1349 1118 priore
1367 1071 1441 1106 loco

290 1135 549 1182 descripsimus,
564 1135 667 1182 idque
684 1136 749 1171 hoc
769 1135 845 1171 loco
864 1135 1087 1183 significatur.
1115 1135 1330 1171 Philolaches
1349 1135 1441 1170 enim

291 1200 515 1247 quadraginta
547 1200 657 1236 minas
683 1200 843 1236 arraboni
869 1200 1008 1236 dederat
1033 1200 1182 1243 Simoni,
1210 1204 1249 1235 ut
1275 1201 1442 1235 mentitus

291 1268 363 1299 erat
381 1265 525 1308 Tranio,
545 1268 580 1300 et
597 1278 646 1300 vs.
663 1266 757 1300 1021
778 1251 1012 1312 Theuropides
1026 1264 1111 1300 dicit
1123 1264 1272 1299 Simoni:
1303 1264 1443 1304 ''Mina-3

291 1330 352 1364 tibi
384 1332 549 1377 octoqinta
574 1331 706 1377 aryenti
735 1329 874 1372 debeo’',
898 1342 984 1375 quae
1005 1342 1083 1364 cum
1101 1320 1334 1376 superioribus
1361 1330 1443 1364 faci-

292 1398 355 1430 unt
380 1407 548 1430 summam
566 1397 704 1430 centum
727 1397 762 1429 et
780 1394 907 1441 viginti
924 1391 1115 1438 minarum,
1135 1394 1207 1429 sive
1221 1394 1367 1429 duorum
1395 1399 1445 1429 ta-

291 1460 481 1503 lentorum,
508 1459 543 1495 h.
562 1472 591 1495 e.
610 1459 758 1494 totidem
777 1463 861 1505 quot
880 1463 978 1494 erant
1003 1459 1129 1494 Tranio
1148 1463 1183 1494 et
1200 1460 1445 1507 TheuropideS.

292 1524 406 1571 Igitur
430 1528 532 1572 poeta
557 1524 712 1570 loquitur
738 1524 779 1559 de
804 1524 945 1559 talentis
973 1523 1149 1570 sexaginta
1175 1524 1357 1559 minarum.

391 1589 451 1624 Vs.
480 1591 563 1625 650.

386 1655 477 1689 Hine
502 1654 660 1699 sumpsit,
687 1666 770 1700 quas
795 1654 825 1689 ei
850 1654 1008 1689 dedimus.
1035 1654 1129 1689 satin
1155 1652 1352 1699 intelleqis?

292 1721 385 1754 Ante
422 1719 513 1754 hunc
550 1731 687 1753 versum
713 1718 845 1764 aliquid
871 1718 1037 1753 excidisse
1063 1719 1144 1753 inde
1170 1723 1328 1766 apparet,
1355 1719 1446 1765 quod

292 1784 381 1820 nihil
414 1788 465 1819 est
491 1797 559 1831 quo
585 1796 776 1832 pronomen
802 1786 834 1820 ei
857 1783 1034 1820 referatur.
1088 1784 1262 1820 Lacunam
1289 1785 1444 1820 Ritsche-

292 1850 361 1886 lius
387 1851 436 1885 sic
462 1850 564 1885 sarsit
590 1863 608 1885 e
634 1851 852 1897 conjectura:

399 1916 452 1950 Ne
476 1915 538 1951 ille
562 1916 645 1950 illas
672 1915 839 1950 redhibere
864 1914 1011 1949 animum
1025 1915 1129 1962 forte
1155 1914 1338 1949 induceret.

293 1981 371 2025 ille,
412 1981 436 2017 i.
475 1994 504 2017 e.
530 1980 714 2017 ‚venditon
779 1980 857 2015 Jam
895 1980 1067 2015 sententia
1105 1980 1187 2014 haec
1226 1983 1294 2014 est:
1356 1979 1442 2018 ''Fi-

293 2046 361 2081 lius
404 2049 484 2082 tuus
522 2044 622 2088 emit'⁴⁸
644 2045 705 2081 has
736 2045 834 2080 aedes
867 2044 1000 2080 duobus
1033 2044 1173 2080 talentis
1213 2047 1248 2079 et
1286 2043 1444 2079 arraboni

295 2110 391 2146 dedit
409 2111 583 2146 venditori
603 2105 828 2166 quadraginta
848 2108 994 2145 minas.”
1022 2110 1114 2145 Nam
1133 2109 1238 2144 emtio
1257 2112 1330 2144 rata
1348 2114 1440 2151 erat,

294 2176 323 2210 si
349 2187 427 2223 pars
452 2176 557 2223 pretii
584 2175 756 2211 venditori
782 2175 862 2210 data
888 2178 923 2210 et
949 2174 990 2210 ab
1018 2188 1057 2210 eo
1085 2178 1222 2221 accepta
1248 2177 1351 2209 esset.

393 2240 453 2276 vs.
482 2242 565 2277 651.
656 2228 669 2239 ⁹

446 2332 678 2340 .......
706 2305 815 2347 Hem,
844 2304 910 2339 iam
936 2305 1065 2350 adpetit
1091 2304 1254 2339 meridies.

296 2372 348 2408 Cf.
377 2384 425 2407 VS.
455 2372 537 2407 579.
