1752 2978
814 397 857 431 51

262 500 282 522 a
318 487 610 532 commissatione,
650 488 741 534 quod
779 491 892 523 tamen
927 488 959 522 ei
992 488 1173 535 displicere
1200 488 1237 522 in
1264 487 1409 522 dubium

263 552 374 588 vocari
400 566 470 588 non
495 556 620 601 potest.
672 552 930 589 Callidamatem
956 553 1048 588 enim
1075 557 1174 590 vocat
1201 553 1245 589 ad
1270 566 1325 596 se,
1368 556 1408 587 ut

264 630 376 652 secum
414 616 567 662 biberet,
607 617 698 664 quod
736 622 826 653 certe
856 630 918 653 nec
949 618 1119 665 potuisset
1151 630 1213 653 nec
1239 617 1410 653 voluisset

265 684 392 727 facere,
419 683 448 718 si
475 682 534 718 ille
555 683 626 730 jam
652 682 766 719 ebrius
792 686 891 718 esset.

363 747 424 783 Vs.
453 749 535 784 345.

381 813 458 848 Nou
483 813 602 848 mirum
628 817 689 848 aut
714 825 827 847 novom
851 812 1019 858 quippiam
1046 813 1165 860 [nuuc]
1183 813 1296 861 facit.

268 877 362 913 Haec
379 877 481 914 verba
497 877 623 914 rectius
640 877 841 913 tribuuntur
857 877 1022 925 Delphin,
1049 881 1089 913 ut
1106 891 1191 925 quae
1209 878 1251 913 de
1265 878 1414 914 Callida-

270 947 359 978 mate
387 943 547 989 loquatur
578 955 744 988 suumque
778 945 965 977 amatorem
991 942 1113 977 melius
1139 943 1294 977 novisset
1316 955 1418 989 quam

270 1007 527 1044 Philematium.

368 1073 429 1108 Vs.
457 1074 539 1109 347.

453 1138 510 1173 Da
539 1138 604 1173 cito
635 1139 675 1173 ab
706 1138 849 1183 Delpbz'o
882 1138 1081 1174 cantharum
1107 1139 1241 1174 circum.

272 1205 322 1239 Ab
347 1204 513 1249 Delpkio,
540 1204 564 1239 i.
591 1217 620 1239 e.
647 1217 667 1239 a
691 1203 839 1251 Delphio
865 1204 1015 1239 ordiens.
1067 1203 1119 1239 Cf.
1148 1204 1218 1239 Cic.
1246 1204 1288 1239 de
1314 1204 1421 1251 Legg.

274 1268 292 1303 I
326 1281 399 1316 cap.
436 1270 454 1305 7
486 1269 555 1308 nab
582 1282 619 1305 eo
645 1269 743 1304 nobis
767 1282 871 1304 causa
900 1270 1065 1305 ordienda
1092 1276 1138 1305 est
1156 1263 1422 1317 potissimum.''

273 1334 364 1381 Nep.
391 1334 509 1370 Them.
535 1346 609 1381 cap.
633 1335 651 1369 1
684 1333 755 1372 nal»
779 1335 879 1369 initio
902 1340 948 1369 est
972 1333 1207 1369 ordiendum?
1245 1335 1345 1370 Asin.
1371 1334 1423 1368 V:

278 1401 318 1434 2:
342 1400 387 1433 40
418 1399 492 1438 uda
516 1398 559 1434 ab
584 1397 742 1433 summo”
767 1398 861 1434 Pers.
885 1398 941 1433 V:
969 1400 1009 1433 l:
1041 1400 1098 1434 19.
1131 1398 1337 1442 Cantharas,
1366 1397 1434 1444 qui>

276 1463 319 1498 ab
345 1463 481 1497 inverso
503 1462 681 1498 scarabaeo
700 1474 826 1498 nomen
851 1462 987 1498 duxisse
1005 1462 1160 1506 videtur,
1181 1462 1250 1497 fuit
1267 1475 1429 1509 magnum

278 1527 446 1574 quoddam
478 1527 656 1575 poculum,
688 1527 802 1576 amplo
830 1540 904 1572 ore,
938 1528 1068 1576 duplici
1100 1540 1182 1564 ansa
1208 1528 1428 1565 instructum.

278 1593 377 1629 Sacer
400 1594 468 1629 fuit
493 1593 619 1629 Libero
642 1594 732 1641 patri
759 1597 794 1629 et
825 1593 1141 1641 compotationibus
1171 1597 1347 1641 peraptus.
1375 1594 1428 1629 Cf.

279 1658 424 1704 Ussing,
458 1658 501 1693 de
524 1659 723 1694 nominibus
756 1670 914 1693 vasorum
948 1659 1068 1694 Graec.
1106 1658 1277 1705 (Hauniae
1319 1660 1428 1706 1844)

280 1735 356 1770 pag.
383 1724 464 1759 134.

384 2180 445 2216 Vs.
472 2182 555 2216 350.

342 2246 469 2281 Occidit
494 2258 566 2291 spes
590 2249 729 2281 nostra:
754 2256 916 2291 nusquam
942 2245 1142 2279 stabulum&
1168 2245 1398 2293 confidentiae.

288 2310 460 2356 Nusquam
475 2311 672 2345 stabulumst
686 2309 921 2357 confidentiae,
941 2309 1111 2344 Stabulum
1120 2336 1130 2352 ,
1146 2312 1185 2344 ut
1198 2322 1297 2357 saepe
1299 2315 1439 2355 portus,

290 2374 518 2423 metaphorice
543 2374 713 2422 positum,
741 2373 790 2409 ita
808 2376 847 2408 ut
863 2372 946 2408 haec
965 2374 1065 2409 verba
1082 2373 1293 2420 significent:
1326 2376 1442 2415 anihil

291 2445 360 2485 est,
388 2454 455 2487 quo
481 2440 683 2476 confidentia
709 2438 773 2474 niti
801 2436 952 2484 possit.’'

349 2492 358 2500 4
1252 2491 1287 2517 4*
