1752 2978
901 310 920 343 5

335 405 422 437 esset
456 401 587 437 imitari
619 400 745 437 Naevii
781 400 975 448 inceptum,
1014 413 1119 447 quum
1155 399 1357 448 praesertim
1393 399 1484 434 inter

334 467 496 515 patricios
520 470 703 515 patronum
728 478 799 501 non
824 465 965 501 haberet
989 465 1048 512 qui
1073 478 1150 500 eum
1178 465 1268 500 tueri
1293 469 1421 513 posset.

432 536 466 579 β.
516 533 569 568 Ex
595 546 634 568 eo
661 531 753 579 quod
778 531 815 566 in
834 530 1011 567 comoedia
1036 530 1178 577 antiqua
1204 530 1336 567 Chorus
1354 536 1389 567 et
1407 532 1483 579 qui-

335 598 412 633 dem
445 598 625 634 Parabasis
659 597 882 645 praecipuum
914 596 1027 631 locum
1062 596 1219 640 tenebat,
1246 596 1284 631 in
1310 597 1483 633 Plautinis

335 666 449 699 autem
475 663 600 699 fabulis
626 662 729 710 plane
755 661 985 705 desideratur,
1014 661 1083 696 nisi
1109 661 1199 697 forte
1225 675 1264 697 eo
1283 662 1408 697 referre
1426 676 1482 697 ve-

333 727 378 762 lis
410 727 541 762 cantica
575 727 739 772 quaedam
771 725 1021 772 antistrophico
1048 725 1118 760 fere
1144 726 1246 760 modo
1273 727 1482 774 composita,

335 791 459 837 quibus
491 791 617 838 aliquis
659 793 813 826 actorum
839 789 881 825 de
908 789 1053 836 quadam
1078 802 1115 826 re
1140 790 1404 838 philosophatur
1432 793 1484 838 (ut

335 870 369 893 v.
397 869 425 892 c.
453 856 560 892 Most.
588 857 673 891 Act.⁴
693 855 753 891 II:
782 857 801 890 1
821 858 856 891 et
874 854 946 890 IV:
974 856 993 890 1
1022 856 1130 902 eet),
1157 868 1243 902 quae
1264 860 1379 892 tamen
1405 870 1483 893 can-

335 922 404 958 tica
428 934 539 969 neque
563 921 605 957 ad
643 920 781 970 publica
819 920 958 968 negotia
985 923 1159 969 spectant,
1186 925 1225 957 ut
1248 921 1319 958 fere
1337 922 1484 959 Paraba-

335 988 382 1023 sis
401 987 654 1023 comoediarum
671 987 884 1030 Atticarum,
912 989 947 1021 et
972 999 1048 1021 cum
1076 986 1151 1034 ipso
1172 987 1367 1023 comoediae
1385 1000 1484 1035 argu-

335 1056 451 1088 mento
485 1056 578 1088 arcto
613 1052 751 1087 vinculo
779 1052 972 1087 cohaerent.
1010 1051 1157 1087 Etiamsi
1182 1065 1289 1099 pauca
1315 1052 1374 1088 illa
1400 1066 1486 1099 quae

335 1118 486 1153 diximus
512 1120 713 1164 argumento
741 1117 812 1152 sint
837 1116 1031 1152 fabularum
1054 1117 1286 1153 Romanarum
1317 1118 1485 1165 originem

336 1184 501 1219 Graecam
535 1195 623 1226 esse,
653 1186 734 1217 sunt
763 1186 879 1217 tamen
908 1181 1077 1217 nonnulla
1108 1182 1232 1228 quibus
1258 1183 1321 1218 hae
1347 1183 1389 1219 ab
1414 1183 1485 1218 illis

336 1247 508 1283 differant.
535 1247 748 1294 Legentibus
767 1247 860 1282 enim
878 1246 1071 1282 comoedias
1097 1246 1276 1282 Plautinas
1303 1248 1422 1284 statim
1449 1249 1486 1284 in

337 1313 452 1348 oculos
491 1313 638 1348 incurrit
668 1324 844 1347 servorum
883 1311 1036 1346 conditio
1070 1314 1145 1346 toto
1179 1312 1273 1347 coelo
1301 1313 1435 1349 diversa
1468 1327 1488 1349 a

336 1377 534 1413 conditione
560 1389 735 1412 servorum
762 1376 872 1423 qualis
912 1375 1110 1423 depingitur
1142 1377 1232 1425 apud
1258 1378 1486 1415 Menandrum

337 1446 372 1478 et
397 1442 647 1479 Philemonem.
682 1442 727 1478 In
753 1442 918 1478 Romanis
944 1441 1071 1478 fabulis
1098 1443 1187 1478 servi
1213 1443 1346 1480 ratione
1371 1445 1490 1482 habita

338 1508 555 1544 dominorum
581 1520 652 1543 non
679 1511 761 1543 sunt
782 1520 947 1556 personae
981 1508 1040 1543 sed
1069 1521 1141 1552 res,
1175 1509 1216 1544 de
1258 1510 1382 1556 quibus
1416 1512 1489 1547 fieri

337 1577 452 1621 potest
482 1573 573 1620 quod
605 1573 675 1609 illis
712 1573 861 1618 luberet,
890 1574 927 1609 in
952 1586 1036 1620 quos
1062 1574 1228 1610 haberent
1249 1576 1307 1623 jus
1334 1577 1425 1613 vitae
1451 1591 1490 1613 ac

338 1639 430 1674 necis
456 1642 491 1673 et
514 1642 721 1686 potestatem
747 1639 958 1686 turpissimis
983 1639 1104 1686 poenis
1131 1643 1165 1674 et
1183 1641 1390 1677 cruciatibus
1414 1655 1488 1678 cru-

338 1702 522 1739 delissimis
554 1716 611 1738 eos
643 1702 824 1739 afficiendi.
888 1703 993 1751 Apud
1030 1704 1259 1740 Menandrum
1300 1709 1334 1741 et
1373 1706 1488 1742 Phile-

339 1779 474 1803 monem
506 1771 643 1812 contra,
669 1768 759 1803 servi
786 1768 904 1803 eadem
928 1768 1072 1803 materia
1102 1770 1241 1804 conflati
1264 1771 1489 1816 perhibentur

339 1835 440 1879 atque
464 1832 620 1868 homines
645 1832 764 1877 liberi,
803 1845 865 1868 nec
894 1836 1018 1868 natura
1048 1833 1107 1869 sed
1133 1846 1212 1870 casu
1237 1835 1396 1872 fortunae
1422 1837 1489 1872 dif-

340 1898 438 1934 ferre.
477 1898 530 1934 Cf.
555 1898 691 1934 Philem
717 1898 760 1934 fr.
786 1898 854 1934 inc.
882 1897 1044 1933 XXXIX

482 1959 543 1997 κᾶν
568 1963 686 2005 δοῦλος
708 1959 734 2012 ᾖ
761 1977 825 2005 τις,
858 1959 964 2009 σάρκα
997 1960 1059 2009 τήν
1087 1961 1191 2010 αὐτήν
1218 1962 1296 2010 ἔχει·

486 2025 582 2073 φύσει
609 2024 673 2073 γάρ
700 2024 808 2068 οὐδεὶς
834 2027 954 2068 δοῦλος
974 2023 1120 2073 ἐγενήθη
1144 2025 1233 2062 ποτέ·

487 2088 509 2136 ἦ
529 2088 604 2125 ὃίιῦ
631 2087 730 2135 Τύχη
760 2087 801 2124 τό
830 2090 930 2134 σῶμα
955 2087 1234 2125 κατεδουλώσατο.

342 2156 461 2204 Ejusd.
488 2150 740 2198 Εξοικιζόμενος
764 2154 806 2189 fr.
834 2155 868 2189 1.

485 2217 546 2255 κᾶν
564 2221 681 2261 δοῦλος
699 2216 725 2269 ᾗ
747 2233 810 2261 τις,
832 2216 929 2253 οὐδὲν
947 2214 1064 2265 ἦττον,
1085 2216 1244 2262 δέσποτα,

486 2281 668 2329 ἅνθρωπος
687 2279 785 2325 οὗτός
809 2283 913 2325 ἐστιν,
933 2280 974 2316 ἂν
989 2280 1171 2329 ἅνθρωπος
1187 2281 1223 2333 ᾗ.

346 2361 427 2397 Men
456 2361 496 2397 fr.
524 2360 591 2397 inc.
619 2359 787 2396 XCVIII.
