<?xml version="1.0" encoding="UTF-8"?>
<!DOCTYPE html PUBLIC "-//W3C//DTD XHTML 1.0 Transitional//EN"
    "http://www.w3.org/TR/xhtml1/DTD/xhtml1-transitional.dtd">
<html xmlns="http://www.w3.org/1999/xhtml" xml:lang="en" lang="en">
 <head>
  <title>
</title>
<meta http-equiv="Content-Type" content="text/html;charset=utf-8" />
  <meta name='ocr-system' content='tesseract 3.04.00' />
  <meta name='ocr-capabilities' content='ocr_page ocr_carea ocr_par ocr_line ocrx_word'/>
</head>
<body>
  <div class='ocr_page' id='page_1' title='image "4737243_0048.png"; bbox 0 0 1752 2978; ppageno 0'>
   <div class='ocr_carea' id='block_1_1' title="bbox 878 289 922 322">
    <p class='ocr_par' dir='ltr' id='par_1_1' title="bbox 878 289 922 322">
     <span class='ocr_line' id='line_1_1' title="bbox 878 289 922 322; baseline 0 0"><span class='ocrx_word' id='word_1_1' title='bbox 878 289 922 322; x_wconf 82' lang='lat'>36</span> 
     </span>
    </p>
   </div>
   <div class='ocr_carea' id='block_1_2' title="bbox 318 375 1481 2387">
    <p class='ocr_par' dir='ltr' id='par_1_2' title="bbox 318 375 1476 545">
     <span class='ocr_line' id='line_1_2' title="bbox 318 375 1476 428; baseline 0.005 -17"><span class='ocrx_word' id='word_1_2' title='bbox 318 375 471 412; x_wconf 83' lang='lat' dir='ltr'>Eandem</span> <span class='ocrx_word' id='word_1_3' title='bbox 497 379 789 415; x_wconf 78' lang='lat' dir='ltr'><strong>constructionem</strong></span> <span class='ocrx_word' id='word_1_4' title='bbox 823 382 947 415; x_wconf 76' lang='lat' dir='ltr'>tuetur‘</span> <span class='ocrx_word' id='word_1_5' title='bbox 967 380 1124 415; x_wconf 83' lang='lat' dir='ltr'>Kritzius</span> <span class='ocrx_word' id='word_1_6' title='bbox 1159 379 1194 415; x_wconf 94' lang='lat' dir='ltr'>in</span> <span class='ocrx_word' id='word_1_7' title='bbox 1222 380 1303 416; x_wconf 85' lang='lat' dir='ltr'><strong>Sall.</strong></span> <span class='ocrx_word' id='word_1_8' title='bbox 1336 381 1416 428; x_wconf 82' lang='lat' dir='ltr'>Jug.</span> <span class='ocrx_word' id='word_1_9' title='bbox 1442 384 1476 418; x_wconf 78' lang='lat'>4.</span> 
     </span>
     <span class='ocr_line' id='line_1_3' title="bbox 321 442 1297 491; baseline 0.004 -14"><span class='ocrx_word' id='word_1_10' title='bbox 321 442 379 478; x_wconf 89' lang='lat' dir='ltr'>ubi</span> <span class='ocrx_word' id='word_1_11' title='bbox 407 443 485 478; x_wconf 89' lang='lat' dir='ltr'>vide</span> <span class='ocrx_word' id='word_1_12' title='bbox 510 444 685 491; x_wconf 83' lang='lat' dir='ltr'>copiosam</span> <span class='ocrx_word' id='word_1_13' title='bbox 712 445 777 479; x_wconf 90' lang='lat' dir='ltr'>viri</span> <span class='ocrx_word' id='word_1_14' title='bbox 806 443 998 480; x_wconf 77' lang='lat' dir='ltr'>doctissimi</span> <span class='ocrx_word' id='word_1_15' title='bbox 1025 446 1297 482; x_wconf 77' lang='lat' dir='ltr'>annotationem.</span> 
     </span>
     <span class='ocr_line' id='line_1_4' title="bbox 418 508 593 545; baseline 0.017 -3"><span class='ocrx_word' id='word_1_16' title='bbox 418 508 479 544; x_wconf 85' lang='lat' dir='ltr'>Vs.</span> <span class='ocrx_word' id='word_1_17' title='bbox 508 510 593 545; x_wconf 79' lang='lat'><strong>200.</strong></span> 
     </span>
    </p>

    <p class='ocr_par' dir='ltr' id='par_1_3' title="bbox 319 573 1442 678">
     <span class='ocr_line' id='line_1_5' title="bbox 367 573 1442 622; baseline 0.003 -14"><span class='ocrx_word' id='word_1_18' title='bbox 367 573 487 609; x_wconf 75' lang='lat' dir='ltr'>Nihilo</span> <span class='ocrx_word' id='word_1_19' title='bbox 513 587 569 619; x_wconf 73' lang='lat' dir='ltr'>eqo</span> <span class='ocrx_word' id='word_1_20' title='bbox 596 587 669 609; x_wconf 77' lang='lat' dir='ltr'>sum</span> <span class='ocrx_word' id='word_1_21' title='bbox 692 579 804 609; x_wconf 78' lang='lat' dir='ltr'>amata</span> <span class='ocrx_word' id='word_1_22' title='bbox 830 575 952 618; x_wconf 69' lang='lat' dir='ltr'>setius,</span> <span class='ocrx_word' id='word_1_23' title='bbox 980 580 1081 622; x_wconf 80' lang='lat' dir='ltr'>atque</span> <span class='ocrx_word' id='word_1_24' title='bbox 1106 577 1168 611; x_wconf 80' lang='lat' dir='ltr'>um·</span> <span class='ocrx_word' id='word_1_25' title='bbox 1189 577 1278 622; x_wconf 71' lang='lat' dir='ltr'>qessi</span> <span class='ocrx_word' id='word_1_26' title='bbox 1304 589 1442 620; x_wconf 85' lang='lat' dir='ltr'>morem,</span> 
     </span>
     <span class='ocr_line' id='line_1_6' title="bbox 319 639 1397 678; baseline 0.003 -4"><span class='ocrx_word' id='word_1_27' title='bbox 319 640 413 675; x_wconf 87' lang='lat' dir='ltr'>Ante</span> <span class='ocrx_word' id='word_1_28' title='bbox 439 639 668 676; x_wconf 83' lang='lat' dir='ltr'>Ritschelium</span> <span class='ocrx_word' id='word_1_29' title='bbox 693 640 750 676; x_wconf 87' lang='lat' dir='ltr'>hic</span> <span class='ocrx_word' id='word_1_30' title='bbox 776 653 893 675; x_wconf 81' lang='lat' dir='ltr'>versus</span> <span class='ocrx_word' id='word_1_31' title='bbox 919 654 960 675; x_wconf 88' lang='lat' dir='ltr'>ex</span> <span class='ocrx_word' id='word_1_32' title='bbox 985 640 1085 676; x_wconf 87' lang='lat' dir='ltr'>libris</span> <span class='ocrx_word' id='word_1_33' title='bbox 1111 641 1161 677; x_wconf 90' lang='lat' dir='ltr'>ita</span> <span class='ocrx_word' id='word_1_34' title='bbox 1187 642 1300 678; x_wconf 86' lang='lat' dir='ltr'>editus</span> <span class='ocrx_word' id='word_1_35' title='bbox 1327 646 1397 677; x_wconf 90' lang='lat' dir='ltr'>est:</span> 
     </span>
    </p>

    <p class='ocr_par' dir='ltr' id='par_1_4' title="bbox 344 705 1427 754">
     <span class='ocr_line' id='line_1_7' title="bbox 344 705 1427 754; baseline 0.003 -14"><span class='ocrx_word' id='word_1_36' title='bbox 344 705 464 741; x_wconf 70' lang='lat' dir='ltr'>Nihilo</span> <span class='ocrx_word' id='word_1_37' title='bbox 490 719 546 751; x_wconf 73' lang='lat' dir='ltr'>eqo</span> <span class='ocrx_word' id='word_1_38' title='bbox 572 719 671 752; x_wconf 80' lang='lat' dir='ltr'>quam</span> <span class='ocrx_word' id='word_1_39' title='bbox 694 718 784 741; x_wconf 80' lang='lat' dir='ltr'>nunc</span> <span class='ocrx_word' id='word_1_40' title='bbox 810 710 848 741; x_wconf 78' lang='lat' dir='ltr'>tu</span> <span class='ocrx_word' id='word_1_41' title='bbox 881 710 994 741; x_wconf 76' lang='lat' dir='ltr'><em>amata</em></span> <span class='ocrx_word' id='word_1_42' title='bbox 1018 719 1091 741; x_wconf 70' lang='lat' dir='ltr'>sum</span> <span class='ocrx_word' id='word_1_43' title='bbox 1125 712 1227 754; x_wconf 77' lang='lat' dir='ltr'>atque</span> <span class='ocrx_word' id='word_1_44' title='bbox 1250 709 1313 742; x_wconf 78' lang='lat' dir='ltr'>um·</span> <span class='ocrx_word' id='word_1_45' title='bbox 1336 709 1427 743; x_wconf 81' lang='lat' dir='ltr'>modo</span> 
     </span>
    </p>

    <p class='ocr_par' dir='ltr' id='par_1_5' title="bbox 318 771 1477 1335">
     <span class='ocr_line' id='line_1_8' title="bbox 414 771 661 815; baseline 0.008 -10"><span class='ocrx_word' id='word_1_46' title='bbox 414 771 504 815; x_wconf 53' lang='lat' dir='ltr'>,gressi</span> <span class='ocrx_word' id='word_1_47' title='bbox 531 784 661 807; x_wconf 84' lang='lat' dir='ltr'>morem.</span> 
     </span>
     <span class='ocr_line' id='line_1_9' title="bbox 319 836 1474 882; baseline 0.002 -11"><span class='ocrx_word' id='word_1_48' title='bbox 319 848 421 882; x_wconf 87' lang='lat' dir='ltr'>quam</span> <span class='ocrx_word' id='word_1_49' title='bbox 466 836 650 872; x_wconf 89' lang='lat' dir='ltr'>lectionem</span> <span class='ocrx_word' id='word_1_50' title='bbox 697 836 858 872; x_wconf 78' lang='lat' dir='ltr'>vitiosam</span> <span class='ocrx_word' id='word_1_51' title='bbox 903 849 992 880; x_wconf 86' lang='lat' dir='ltr'>esse,</span> <span class='ocrx_word' id='word_1_52' title='bbox 1041 836 1125 872; x_wconf 87' lang='lat' dir='ltr'>duas</span> <span class='ocrx_word' id='word_1_53' title='bbox 1164 836 1224 872; x_wconf 93' lang='lat' dir='ltr'>ob·</span> <span class='ocrx_word' id='word_1_54' title='bbox 1248 850 1364 872; x_wconf 81' lang='lat' dir='ltr'><strong>causas</strong></span> <span class='ocrx_word' id='word_1_55' title='bbox 1405 839 1474 873; x_wconf 76' lang='lat' dir='ltr'>exi-</span> 
     </span>
     <span class='ocr_line' id='line_1_10' title="bbox 320 900 1477 948; baseline 0.002 -13"><span class='ocrx_word' id='word_1_56' title='bbox 320 901 436 936; x_wconf 86' lang='lat' dir='ltr'>stimo.</span> <span class='ocrx_word' id='word_1_57' title='bbox 459 900 616 936; x_wconf 90' lang='lat' dir='ltr'>Primum</span> <span class='ocrx_word' id='word_1_58' title='bbox 634 907 774 948; x_wconf 84' lang='lat' dir='ltr'>propter</span> <span class='ocrx_word' id='word_1_59' title='bbox 792 904 959 944; x_wconf 88' lang='lat' dir='ltr'>metrum,</span> <span class='ocrx_word' id='word_1_60' title='bbox 987 913 1104 935; x_wconf 89' lang='lat' dir='ltr'>revera</span> <span class='ocrx_word' id='word_1_61' title='bbox 1121 901 1212 936; x_wconf 88' lang='lat' dir='ltr'>enim</span> <span class='ocrx_word' id='word_1_62' title='bbox 1231 902 1259 936; x_wconf 90' lang='lat' dir='ltr'>si</span> <span class='ocrx_word' id='word_1_63' title='bbox 1287 902 1351 937; x_wconf 88' lang='lat' dir='ltr'>hoc</span> <span class='ocrx_word' id='word_1_64' title='bbox 1374 903 1477 937; x_wconf 88' lang='lat' dir='ltr'>modo</span> 
     </span>
     <span class='ocr_line' id='line_1_11' title="bbox 319 962 1475 1013; baseline 0.003 -13"><span class='ocrx_word' id='word_1_65' title='bbox 319 965 466 1011; x_wconf 86' lang='lat' dir='ltr'>legitur,</span> <span class='ocrx_word' id='word_1_66' title='bbox 494 978 611 1001; x_wconf 85' lang='lat' dir='ltr'>versus</span> <span class='ocrx_word' id='word_1_67' title='bbox 637 970 689 1000; x_wconf 88' lang='lat' dir='ltr'>est</span> <span class='ocrx_word' id='word_1_68' title='bbox 714 966 815 1013; x_wconf 91' lang='lat' dir='ltr'>plane</span> <span class='ocrx_word' id='word_1_69' title='bbox 839 962 998 1009; x_wconf 74' lang='grc' dir='ltr'><em>ἄμετρος,</em></span> <span class='ocrx_word' id='word_1_70' title='bbox 1024 965 1148 1001; x_wconf 84' lang='lat' dir='ltr'>deinde</span> <span class='ocrx_word' id='word_1_71' title='bbox 1165 970 1306 1013; x_wconf 86' lang='lat' dir='ltr'>propter</span> <span class='ocrx_word' id='word_1_72' title='bbox 1325 977 1475 1003; x_wconf 86' lang='lat' dir='ltr'>sensum.</span> 
     </span>
     <span class='ocr_line' id='line_1_12' title="bbox 320 1030 1476 1079; baseline 0.001 -14"><span class='ocrx_word' id='word_1_73' title='bbox 320 1030 473 1066; x_wconf 87' lang='lat' dir='ltr'>Verbum</span> <span class='ocrx_word' id='word_1_74' title='bbox 510 1031 617 1066; x_wconf 77' lang='lat' dir='ltr'>nihilo</span> <span class='ocrx_word' id='word_1_75' title='bbox 656 1031 748 1066; x_wconf 88' lang='lat' dir='ltr'>enim</span> <span class='ocrx_word' id='word_1_76' title='bbox 775 1043 961 1076; x_wconf 89' lang='lat' dir='ltr'>numquam</span> <span class='ocrx_word' id='word_1_77' title='bbox 984 1031 1163 1078; x_wconf 88' lang='lat' dir='ltr'>jungitur,</span> <span class='ocrx_word' id='word_1_78' title='bbox 1194 1031 1263 1066; x_wconf 86' lang='lat' dir='ltr'>nisi</span> <span class='ocrx_word' id='word_1_79' title='bbox 1296 1031 1476 1079; x_wconf 82' lang='lat' dir='ltr'>adjectivis</span> 
     </span>
     <span class='ocr_line' id='line_1_13' title="bbox 318 1095 1475 1144; baseline 0.003 -14"><span class='ocrx_word' id='word_1_80' title='bbox 318 1096 374 1131; x_wconf 86' lang='lat' dir='ltr'>vel</span> <span class='ocrx_word' id='word_1_81' title='bbox 400 1095 571 1132; x_wconf 81' lang='lat' dir='ltr'>adverbiis</span> <span class='ocrx_word' id='word_1_82' title='bbox 598 1097 635 1132; x_wconf 90' lang='lat' dir='ltr'>in</span> <span class='ocrx_word' id='word_1_83' title='bbox 661 1096 895 1144; x_wconf 85' lang='lat' dir='ltr'>comparativo</span> <span class='ocrx_word' id='word_1_84' title='bbox 921 1096 1056 1144; x_wconf 88' lang='lat' dir='ltr'>positis.</span> <span class='ocrx_word' id='word_1_85' title='bbox 1083 1096 1218 1132; x_wconf 88' lang='lat' dir='ltr'>Deinde</span> <span class='ocrx_word' id='word_1_86' title='bbox 1240 1097 1361 1133; x_wconf 87' lang='lat' dir='ltr'>verba:</span> <span class='ocrx_word' id='word_1_87' title='bbox 1379 1110 1475 1144; x_wconf 81' lang='lat' dir='ltr'>quam</span> 
     </span>
     <span class='ocr_line' id='line_1_14' title="bbox 321 1162 1477 1210; baseline 0.001 -13"><span class='ocrx_word' id='word_1_88' title='bbox 321 1167 358 1197; x_wconf 78' lang='grc' dir='ltr'>ίιι</span> <span class='ocrx_word' id='word_1_89' title='bbox 389 1175 479 1197; x_wconf 79' lang='lat' dir='ltr'>nune</span> <span class='ocrx_word' id='word_1_90' title='bbox 504 1167 539 1197; x_wconf 88' lang='lat' dir='ltr'>et</span> <span class='ocrx_word' id='word_1_91' title='bbox 565 1163 655 1197; x_wconf 84' lang='lat' dir='ltr'>modo</span> <span class='ocrx_word' id='word_1_92' title='bbox 681 1162 732 1197; x_wconf 74' lang='lat' dir='ltr'>ita</span> <span class='ocrx_word' id='word_1_93' title='bbox 758 1162 870 1197; x_wconf 86' lang='lat' dir='ltr'>otiosa</span> <span class='ocrx_word' id='word_1_94' title='bbox 890 1165 987 1205; x_wconf 86' lang='lat' dir='ltr'>sunt,</span> <span class='ocrx_word' id='word_1_95' title='bbox 1016 1165 1055 1197; x_wconf 93' lang='lat' dir='ltr'>ut</span> <span class='ocrx_word' id='word_1_96' title='bbox 1077 1166 1200 1209; x_wconf 89' lang='lat' dir='ltr'>sponte</span> <span class='ocrx_word' id='word_1_97' title='bbox 1228 1163 1397 1208; x_wconf 85' lang='lat' dir='ltr'>glossema</span> <span class='ocrx_word' id='word_1_98' title='bbox 1414 1177 1477 1210; x_wconf 90' lang='lat' dir='ltr'>pro</span> 
     </span>
     <span class='ocr_line' id='line_1_15' title="bbox 321 1226 1477 1275; baseline 0.002 -14"><span class='ocrx_word' id='word_1_99' title='bbox 321 1226 415 1262; x_wconf 84' lang='lat' dir='ltr'>dant.</span> <span class='ocrx_word' id='word_1_100' title='bbox 457 1227 561 1262; x_wconf 84' lang='lat' dir='ltr'>Recte</span> <span class='ocrx_word' id='word_1_101' title='bbox 596 1227 704 1273; x_wconf 87' lang='lat' dir='ltr'>igitur</span> <span class='ocrx_word' id='word_1_102' title='bbox 730 1227 939 1262; x_wconf 79' lang='lat' dir='ltr'>Bitschelius</span> <span class='ocrx_word' id='word_1_103' title='bbox 969 1227 1099 1262; x_wconf 85' lang='lat' dir='ltr'>inserto</span> <span class='ocrx_word' id='word_1_104' title='bbox 1126 1228 1231 1263; x_wconf 70' lang='lat' dir='ltr'>setius</span> <span class='ocrx_word' id='word_1_105' title='bbox 1257 1232 1291 1262; x_wconf 92' lang='lat' dir='ltr'>et</span> <span class='ocrx_word' id='word_1_106' title='bbox 1318 1241 1477 1275; x_wconf 85' lang='lat' dir='ltr'>superva-</span> 
     </span>
     <span class='ocr_line' id='line_1_16' title="bbox 321 1291 974 1335; baseline 0 -9"><span class='ocrx_word' id='word_1_107' title='bbox 321 1291 395 1326; x_wconf 82' lang='lat' dir='ltr'>cuis</span> <span class='ocrx_word' id='word_1_108' title='bbox 420 1292 578 1335; x_wconf 87' lang='lat' dir='ltr'>resectis,</span> <span class='ocrx_word' id='word_1_109' title='bbox 606 1304 742 1327; x_wconf 86' lang='lat' dir='ltr'>versum</span> <span class='ocrx_word' id='word_1_110' title='bbox 769 1291 974 1327; x_wconf 86' lang='lat' dir='ltr'>emendavit.</span> 
     </span>
    </p>

    <p class='ocr_par' dir='ltr' id='par_1_6' title="bbox 421 1356 594 1392">
     <span class='ocr_line' id='line_1_17' title="bbox 421 1356 594 1392; baseline 0.017 -3"><span class='ocrx_word' id='word_1_111' title='bbox 421 1356 481 1391; x_wconf 88' lang='lat' dir='ltr'>Vs.</span> <span class='ocrx_word' id='word_1_112' title='bbox 511 1358 594 1392; x_wconf 78' lang='lat'><strong>203.</strong></span> 
     </span>
    </p>

    <p class='ocr_par' dir='ltr' id='par_1_7' title="bbox 321 1421 1478 1795">
     <span class='ocr_line' id='line_1_18' title="bbox 352 1421 1452 1469; baseline 0.001 -12"><span class='ocrx_word' id='word_1_113' title='bbox 352 1421 415 1458; x_wconf 57' lang='lat' dir='ltr'>Vim</span> <span class='ocrx_word' id='word_1_114' title='bbox 440 1422 653 1468; x_wconf 72' lang='lat' dir='ltr'>comprimor,</span> <span class='ocrx_word' id='word_1_115' title='bbox 681 1423 763 1469; x_wconf 82' lang='lat' dir='ltr'>quin</span> <span class='ocrx_word' id='word_1_116' title='bbox 788 1422 930 1457; x_wconf 77' lang='lat' dir='ltr'>involem</span> <span class='ocrx_word' id='word_1_117' title='bbox 954 1422 1011 1457; x_wconf 80' lang='lat' dir='ltr'><em>illi</em></span> <span class='ocrx_word' id='word_1_118' title='bbox 1033 1422 1070 1457; x_wconf 80' lang='lat' dir='ltr'>in</span> <span class='ocrx_word' id='word_1_119' title='bbox 1093 1423 1205 1457; x_wconf 61' lang='lat' dir='ltr'>oculos</span> <span class='ocrx_word' id='word_1_120' title='bbox 1223 1422 1452 1458; x_wconf 67' lang='lat' dir='ltr'>stimulatrici.</span> 
     </span>
     <span class='ocr_line' id='line_1_19' title="bbox 322 1487 1476 1534; baseline 0.001 -13"><span class='ocrx_word' id='word_1_121' title='bbox 322 1487 390 1521; x_wconf 91' lang='lat' dir='ltr'>Pro</span> <span class='ocrx_word' id='word_1_122' title='bbox 430 1488 667 1530; x_wconf 72' lang='lat' dir='ltr'>stimulatrici,</span> <span class='ocrx_word' id='word_1_123' title='bbox 707 1487 766 1522; x_wconf 87' lang='lat' dir='ltr'>alii</span> <span class='ocrx_word' id='word_1_124' title='bbox 801 1487 1022 1529; x_wconf 73' lang='lat' dir='ltr'>simulatriei,</span> <span class='ocrx_word' id='word_1_125' title='bbox 1051 1487 1142 1532; x_wconf 93' lang='lat' dir='ltr'>quod</span> <span class='ocrx_word' id='word_1_126' title='bbox 1173 1500 1243 1522; x_wconf 90' lang='lat' dir='ltr'>non</span> <span class='ocrx_word' id='word_1_127' title='bbox 1270 1492 1390 1534; x_wconf 86' lang='lat' dir='ltr'>aptum</span> <span class='ocrx_word' id='word_1_128' title='bbox 1418 1488 1476 1522; x_wconf 93' lang='lat' dir='ltr'>h.l.</span> 
     </span>
     <span class='ocr_line' id='line_1_20' title="bbox 321 1552 1476 1601; baseline 0 -13"><span class='ocrx_word' id='word_1_129' title='bbox 321 1565 393 1589; x_wconf 83' lang='lat' dir='ltr'>esse</span> <span class='ocrx_word' id='word_1_130' title='bbox 420 1552 538 1588; x_wconf 86' lang='lat' dir='ltr'>statim</span> <span class='ocrx_word' id='word_1_131' title='bbox 564 1552 601 1587; x_wconf 88' lang='lat' dir='ltr'>in</span> <span class='ocrx_word' id='word_1_132' title='bbox 628 1552 745 1588; x_wconf 86' lang='lat' dir='ltr'>oculos</span> <span class='ocrx_word' id='word_1_133' title='bbox 771 1552 935 1596; x_wconf 83' lang='lat' dir='ltr'>incurrit,</span> <span class='ocrx_word' id='word_1_134' title='bbox 965 1552 1134 1598; x_wconf 86' lang='lat' dir='ltr'>siquidem</span> <span class='ocrx_word' id='word_1_135' title='bbox 1162 1552 1291 1601; x_wconf 84' lang='lat' dir='ltr'>Scapha</span> <span class='ocrx_word' id='word_1_136' title='bbox 1316 1553 1407 1588; x_wconf 88' lang='lat' dir='ltr'>nihil</span> <span class='ocrx_word' id='word_1_137' title='bbox 1432 1553 1476 1588; x_wconf 88' lang='lat' dir='ltr'>si-</span> 
     </span>
     <span class='ocr_line' id='line_1_21' title="bbox 321 1618 1478 1665; baseline -0.001 -11"><span class='ocrx_word' id='word_1_138' title='bbox 321 1619 449 1654; x_wconf 85' lang='lat' dir='ltr'>mulate</span> <span class='ocrx_word' id='word_1_139' title='bbox 471 1618 641 1664; x_wconf 88' lang='lat' dir='ltr'>loquitur,</span> <span class='ocrx_word' id='word_1_140' title='bbox 670 1618 729 1653; x_wconf 85' lang='lat' dir='ltr'>sed</span> <span class='ocrx_word' id='word_1_141' title='bbox 755 1618 954 1665; x_wconf 88' lang='lat' dir='ltr'>opinionem</span> <span class='ocrx_word' id='word_1_142' title='bbox 974 1630 1069 1652; x_wconf 85' lang='lat' dir='ltr'>suam</span> <span class='ocrx_word' id='word_1_143' title='bbox 1088 1618 1176 1653; x_wconf 85' lang='lat' dir='ltr'>clare</span> <span class='ocrx_word' id='word_1_144' title='bbox 1194 1619 1346 1665; x_wconf 83' lang='lat' dir='ltr'>profert,</span> <span class='ocrx_word' id='word_1_145' title='bbox 1374 1623 1478 1664; x_wconf 89' lang='lat' dir='ltr'>atque</span> 
     </span>
     <span class='ocr_line' id='line_1_22' title="bbox 322 1683 1475 1727; baseline 0 -8"><span class='ocrx_word' id='word_1_146' title='bbox 322 1684 425 1719; x_wconf 85' lang='lat' dir='ltr'>dictis</span> <span class='ocrx_word' id='word_1_147' title='bbox 452 1684 486 1719; x_wconf 93' lang='lat' dir='ltr'>id</span> <span class='ocrx_word' id='word_1_148' title='bbox 514 1684 642 1719; x_wconf 84' lang='lat' dir='ltr'>efficere</span> <span class='ocrx_word' id='word_1_149' title='bbox 682 1683 822 1727; x_wconf 84' lang='lat' dir='ltr'>studet,</span> <span class='ocrx_word' id='word_1_150' title='bbox 859 1688 896 1719; x_wconf 85' lang='lat' dir='ltr'>ut</span> <span class='ocrx_word' id='word_1_151' title='bbox 922 1683 1168 1719; x_wconf 76' lang='lat' dir='ltr'>Philematium</span> <span class='ocrx_word' id='word_1_152' title='bbox 1197 1683 1475 1719; x_wconf 72' lang='lat' dir='ltr'>diffidat‘Philo-</span> 
     </span>
     <span class='ocr_line' id='line_1_23' title="bbox 321 1748 1232 1795; baseline -0.002 -10"><span class='ocrx_word' id='word_1_153' title='bbox 321 1750 430 1794; x_wconf 87' lang='lat' dir='ltr'>lachi‚</span> <span class='ocrx_word' id='word_1_154' title='bbox 459 1762 562 1795; x_wconf 85' lang='lat' dir='ltr'>quare</span> <span class='ocrx_word' id='word_1_155' title='bbox 588 1753 678 1784; x_wconf 84' lang='lat' dir='ltr'>recte</span> <span class='ocrx_word' id='word_1_156' title='bbox 704 1749 746 1785; x_wconf 89' lang='lat' dir='ltr'>ab</span> <span class='ocrx_word' id='word_1_157' title='bbox 774 1762 813 1783; x_wconf 85' lang='lat' dir='ltr'>eo</span> <span class='ocrx_word' id='word_1_158' title='bbox 840 1753 981 1784; x_wconf 85' lang='lat' dir='ltr'>vocatur</span> <span class='ocrx_word' id='word_1_159' title='bbox 1007 1748 1232 1784; x_wconf 87' lang='lat' dir='ltr'>stimulatrix.</span> 
     </span>
    </p>

    <p class='ocr_par' dir='ltr' id='par_1_8' title="bbox 321 1811 1481 2114">
     <span class='ocr_line' id='line_1_24' title="bbox 421 1811 985 1850; baseline 0.004 -2"><span class='ocrx_word' id='word_1_160' title='bbox 421 1814 481 1850; x_wconf 88' lang='lat' dir='ltr'>Vs.</span> <span class='ocrx_word' id='word_1_161' title='bbox 512 1816 594 1850; x_wconf 78' lang='lat'><strong>207.</strong></span> <span class='ocrx_word' id='word_1_162' title='bbox 976 1811 985 1819; x_wconf 54' lang='lat'><strong>²</strong></span> 
     </span>
     <span class='ocr_line' id='line_1_25' title="bbox 321 1879 1478 1928; baseline -0.004 -11"><span class='ocrx_word' id='word_1_163' title='bbox 321 1882 414 1917; x_wconf 82' lang='lat' dir='ltr'>Bene</span> <span class='ocrx_word' id='word_1_164' title='bbox 439 1882 549 1916; x_wconf 78' lang='lat' dir='ltr'>hercle</span> <span class='ocrx_word' id='word_1_165' title='bbox 563 1882 725 1928; x_wconf 76' lang='lat' dir='ltr'>fczctum,</span> <span class='ocrx_word' id='word_1_166' title='bbox 752 1884 785 1914; x_wconf 81' lang='lat' dir='ltr'>et</span> <span class='ocrx_word' id='word_1_167' title='bbox 798 1880 927 1925; x_wconf 67' lang='lat' dir='ltr'>qaudeo</span> <span class='ocrx_word' id='word_1_168' title='bbox 954 1879 1036 1914; x_wconf 66' lang='lat' dir='ltr'>mihi</span> <span class='ocrx_word' id='word_1_169' title='bbox 1053 1879 1144 1915; x_wconf 73' lang='lat' dir='ltr'>nihil</span> <span class='ocrx_word' id='word_1_170' title='bbox 1159 1891 1227 1914; x_wconf 73' lang='lat' dir='ltr'>esse</span> <span class='ocrx_word' id='word_1_171' title='bbox 1246 1879 1348 1913; x_wconf 67' lang='lat' dir='ltr'><em>huius</em></span> <span class='ocrx_word' id='word_1_172' title='bbox 1367 1891 1478 1913; x_wconf 74' lang='lat' dir='ltr'>causa.</span> 
     </span>
     <span class='ocr_line' id='line_1_26' title="bbox 321 1942 1480 1991; baseline -0.003 -10"><span class='ocrx_word' id='word_1_173' title='bbox 321 1947 413 1982; x_wconf 67' lang='lat' dir='ltr'>Mihi</span> <span class='ocrx_word' id='word_1_174' title='bbox 452 1947 542 1981; x_wconf 70' lang='lat' dir='ltr'>nihil</span> <span class='ocrx_word' id='word_1_175' title='bbox 579 1958 665 1989; x_wconf 68' lang='lat' dir='ltr'>esse,</span> <span class='ocrx_word' id='word_1_176' title='bbox 704 1945 780 1988; x_wconf 86' lang='lat' dir='ltr'>i.e;</span> <span class='ocrx_word' id='word_1_177' title='bbox 817 1963 835 1984; x_wconf 81' lang='lat' dir='ltr'><em>n</em></span> <span class='ocrx_word' id='word_1_178' title='bbox 847 1958 897 1980; x_wconf 84' lang='lat' dir='ltr'>me</span> <span class='ocrx_word' id='word_1_179' title='bbox 925 1945 1070 1991; x_wconf 67' lang='lat' dir='ltr'>penuria</span> <span class='ocrx_word' id='word_1_180' title='bbox 1105 1942 1299 1987; x_wconf 79' lang='lat' dir='ltr'>Zaborare,&#39;&#39;</span> <span class='ocrx_word' id='word_1_181' title='bbox 1325 1944 1413 1987; x_wconf 86' lang='lat' dir='ltr'>sive,</span> <span class='ocrx_word' id='word_1_182' title='bbox 1442 1948 1480 1978; x_wconf 87' lang='lat' dir='ltr'>ut</span> 
     </span>
     <span class='ocr_line' id='line_1_27' title="bbox 322 2008 1481 2057; baseline -0.004 -9"><span class='ocrx_word' id='word_1_183' title='bbox 322 2012 414 2048; x_wconf 89' lang='lat' dir='ltr'>idem</span> <span class='ocrx_word' id='word_1_184' title='bbox 447 2011 601 2057; x_wconf 90' lang='lat' dir='ltr'>loquitur</span> <span class='ocrx_word' id='word_1_185' title='bbox 635 2010 734 2046; x_wconf 89' lang='lat' dir='ltr'>Asin.</span> <span class='ocrx_word' id='word_1_186' title='bbox 770 2010 806 2045; x_wconf 87' lang='lat' dir='ltr'>I:</span> <span class='ocrx_word' id='word_1_187' title='bbox 839 2012 877 2045; x_wconf 78' lang='lat'>2:</span> <span class='ocrx_word' id='word_1_188' title='bbox 905 2010 970 2044; x_wconf 84' lang='lat'>13:</span> <span class='ocrx_word' id='word_1_189' title='bbox 998 2021 1047 2044; x_wconf 85' lang='lat' dir='ltr'>me</span> <span class='ocrx_word' id='word_1_190' title='bbox 1071 2009 1117 2043; x_wconf 83' lang='lat' dir='ltr'>ad</span> <span class='ocrx_word' id='word_1_191' title='bbox 1142 2009 1298 2054; x_wconf 65' lang='lat' dir='ltr'>eqescatis</span> <span class='ocrx_word' id='word_1_192' title='bbox 1325 2008 1481 2043; x_wconf 71' lang='lat' dir='ltr'>terminos</span> 
     </span>
     <span class='ocr_line' id='line_1_28' title="bbox 323 2080 599 2114; baseline -0.007 0"><span class='ocrx_word' id='word_1_193' title='bbox 323 2080 493 2114; x_wconf 78' lang='lat' dir='ltr'>redactum</span> <span class='ocrx_word' id='word_1_194' title='bbox 520 2090 599 2114; x_wconf 67' lang='lat' dir='ltr'>esee.</span> 
     </span>
    </p>

    <p class='ocr_par' dir='ltr' id='par_1_9' title="bbox 421 2144 594 2180">
     <span class='ocr_line' id='line_1_29' title="bbox 421 2144 594 2180; baseline 0.017 -3"><span class='ocrx_word' id='word_1_195' title='bbox 421 2144 483 2180; x_wconf 85' lang='lat' dir='ltr'>Vs.</span> <span class='ocrx_word' id='word_1_196' title='bbox 511 2146 594 2180; x_wconf 77' lang='lat'>212.</span> 
     </span>
    </p>

    <p class='ocr_par' dir='ltr' id='par_1_10' title="bbox 325 2205 1481 2387">
     <span class='ocr_line' id='line_1_30' title="bbox 362 2205 1419 2254; baseline -0.005 -9"><span class='ocrx_word' id='word_1_197' title='bbox 362 2209 459 2245; x_wconf 76' lang='lat' dir='ltr'>Perii</span> <span class='ocrx_word' id='word_1_198' title='bbox 483 2210 609 2253; x_wconf 73' lang='lat' dir='ltr'>hercle,</span> <span class='ocrx_word' id='word_1_199' title='bbox 635 2208 672 2243; x_wconf 77' lang='lat' dir='ltr'>ni</span> <span class='ocrx_word' id='word_1_200' title='bbox 698 2221 754 2254; x_wconf 73' lang='lat' dir='ltr'>eqo</span> <span class='ocrx_word' id='word_1_201' title='bbox 779 2208 875 2242; x_wconf 76' lang='lat' dir='ltr'>illam</span> <span class='ocrx_word' id='word_1_202' title='bbox 900 2205 1061 2254; x_wconf 72' lang='lat' dir='ltr'>pessumis</span> <span class='ocrx_word' id='word_1_203' title='bbox 1086 2206 1241 2253; x_wconf 70' lang='lat' dir='ltr'>exemplis</span> <span class='ocrx_word' id='word_1_204' title='bbox 1262 2206 1419 2242; x_wconf 69' lang='lat' dir='ltr'>enicasw.</span> 
     </span>
     <span class='ocr_line' id='line_1_31' title="bbox 325 2271 1480 2319; baseline -0.005 -8"><span class='ocrx_word' id='word_1_205' title='bbox 325 2275 378 2311; x_wconf 87' lang='lat' dir='ltr'>Cf.</span> <span class='ocrx_word' id='word_1_206' title='bbox 417 2287 466 2310; x_wconf 81' lang='lat' dir='ltr'>VS.</span> <span class='ocrx_word' id='word_1_207' title='bbox 508 2276 599 2310; x_wconf 82' lang='lat'>192:</span> <span class='ocrx_word' id='word_1_208' title='bbox 638 2274 717 2313; x_wconf 77' lang='lat' dir='ltr'>nDi</span> <span class='ocrx_word' id='word_1_209' title='bbox 743 2274 885 2319; x_wconf 79' lang='lat' dir='ltr'>deaeque</span> <span class='ocrx_word' id='word_1_210' title='bbox 916 2285 965 2307; x_wconf 85' lang='lat' dir='ltr'>me</span> <span class='ocrx_word' id='word_1_211' title='bbox 996 2285 1104 2307; x_wconf 69' lang='lat' dir='ltr'>omnes</span> <span class='ocrx_word' id='word_1_212' title='bbox 1124 2272 1286 2319; x_wconf 70' lang='lat' dir='ltr'>pessumis</span> <span class='ocrx_word' id='word_1_213' title='bbox 1322 2271 1480 2316; x_wconf 67' lang='lat' dir='ltr'>exemplis</span> 
     </span>
     <span class='ocr_line' id='line_1_32' title="bbox 326 2336 1481 2387; baseline -0.005 -13"><span class='ocrx_word' id='word_1_214' title='bbox 326 2338 576 2387; x_wconf 40' lang='lat' dir='ltr'>interficiam?</span> <span class='ocrx_word' id='word_1_215' title='bbox 605 2338 703 2385; x_wconf 84' lang='lat' dir='ltr'>Capt.</span> <span class='ocrx_word' id='word_1_216' title='bbox 732 2337 811 2372; x_wconf 90' lang='lat' dir='ltr'>III:</span> <span class='ocrx_word' id='word_1_217' title='bbox 841 2339 882 2371; x_wconf 88' lang='lat'>5:</span> <span class='ocrx_word' id='word_1_218' title='bbox 909 2338 971 2371; x_wconf 81' lang='lat'>33:</span> <span class='ocrx_word' id='word_1_219' title='bbox 1002 2356 1019 2376; x_wconf 80' lang='lat' dir='ltr'><em>u</em></span> <span class='ocrx_word' id='word_1_220' title='bbox 1036 2337 1175 2375; x_wconf 76' lang='lat' dir='ltr'><em>Quando</em></span> <span class='ocrx_word' id='word_1_221' title='bbox 1201 2350 1255 2381; x_wconf 75' lang='lat' dir='ltr'>eqo</span> <span class='ocrx_word' id='word_1_222' title='bbox 1276 2342 1307 2371; x_wconf 74' lang='lat' dir='ltr'>te</span> <span class='ocrx_word' id='word_1_223' title='bbox 1325 2336 1481 2382; x_wconf 65' lang='lat' dir='ltr'>ememph&#39;x</span> 
     </span>
    </p>
   </div>
  </div>
 </body>
</html>
