1752 2978
847 336 889 371 73

294 425 356 460 TR.
388 425 468 460 Vide
493 438 571 460 nam
598 430 759 461 moratur.
785 426 878 462 DAN.
909 425 1001 470 Quin
1016 427 1156 473 feram,
1177 425 1208 460 si
1225 425 1309 472 quid
1322 425 1437 460 datur.

293 489 359 525 ΤΗ.
389 488 487 534 Quod
506 490 591 526 illue
616 482 665 526 esl
678 492 831 539 faenus,
858 492 1004 535 obsecro,
1031 491 1119 537 quod
1141 490 1214 525 illic
1231 490 1324 535 petit
1333 490 1353 525 ,7

378 556 470 593 Quid
490 555 548 591 illi
571 556 734 591 debetur?
759 559 824 591 cet.

293 632 378 666 quae
403 620 519 667 paucis
546 620 713 668 explicare
731 619 891 656 conabor.
918 620 1004 656 Post
1029 632 1079 656 vs.
1103 621 1191 663 585,
1219 632 1285 665 quo
1311 619 1438 655 Tranio

294 684 399 719 dixit:
428 702 447 724 n
459 688 497 720 tu
521 684 575 720 abi
593 685 683 720 modo
691 683 701 699 '
703 683 713 699 '
715 711 725 728 ‚
752 684 866 731 aptius
884 684 1021 720 videtur
1040 683 1209 719 danistam
1235 683 1438 731 respondere

297 750 448 788 ''multos
486 763 535 785 me
571 751 631 785 hoe
659 754 763 795 paeto
797 749 863 784 iam
894 749 964 785 dies
977 749 1210 797 frustramini
1217 748 1250 793 ''‚
1277 748 1439 795 quoniam

292 818 432 862 propter
457 814 654 862 penuriam,
681 826 747 860 qua
763 813 940 850 laborabat
956 813 1190 857 Philolaches,
1218 813 1325 849 coacti
1343 815 1440 848 erant

292 879 428 926 saepius
453 880 526 927 jam
556 879 594 915 id
623 879 735 915 dicere
766 879 935 923 danistae,
970 879 1029 926 qui
1055 892 1163 923 nunc,
1191 892 1305 915 morae
1330 878 1438 925 impa-

293 944 402 988 tiens,
455 944 537 980 haec
581 943 684 980 verba
730 944 845 989 effert,
889 944 1033 980 necdum
1080 948 1194 980 tamen
1238 944 1286 979 ita
1333 943 1440 979 iratus

291 1013 383 1053 erat,
412 1012 451 1045 ut
472 1010 544 1057 jam
570 1009 613 1045 ad
638 1009 748 1045 minas
774 1022 823 1046 vs.
848 1011 917 1046 586
938 1010 1133 1046 enuntiatas
1151 1009 1358 1057 procederet.
1385 1007 1443 1043 Ad

292 1073 373 1109 haec
398 1077 478 1121 apte
503 1074 628 1110 Tranio
652 1074 777 1110 iterum
805 1074 906 1110 dicit:
937 1074 1035 1115 nsibi
1052 1075 1233 1122 pecuniam
1259 1086 1329 1109 non
1351 1085 1439 1116 esse,

291 1138 461 1174 danistam
486 1138 594 1186 igitur
619 1151 689 1175 11011
714 1139 835 1175 debere
859 1140 1032 1175 molestum
1057 1152 1143 1183 esse,
1170 1139 1332 1186 quoniam
1351 1151 1441 1174 nemo

290 1209 374 1240 esset
414 1205 473 1252 qui
508 1204 630 1241 dareff’
664 1206 725 1252 (vs.
765 1206 863 1252 601).
915 1205 1050 1251 Quibus
1077 1205 1212 1241 danista
1237 1203 1440 1252 respondet:

294 1288 313 1310 η
322 1282 391 1305 11110
430 1270 532 1306 modo
571 1273 707 1307 tantum
744 1271 872 1307 efficere
907 1273 1005 1318 potes
1036 1274 1076 1307 ut
1101 1271 1238 1314 abeam,
1275 1269 1441 1305 nimirum

290 1339 427 1381 arqento
453 1336 616 1371 reddendo
625 1334 647 1350 '’
676 1337 738 1383 (vs.
766 1337 834 1371 590
863 1336 940 1383 sq.).
992 1335 1059 1384 His
1086 1335 1189 1371 dictis
1214 1348 1325 1371 sermo
1351 1338 1443 1371 recte

291 1400 446 1446 procedit
469 1412 577 1446 usque
600 1400 644 1436 ad
668 1412 718 1436 vs.
745 1401 834 1444 600,
857 1403 938 1448 post
960 1412 1061 1446 quem
1078 1400 1224 1443 Tranio,
1244 1399 1443 1446 indignatus

291 1463 335 1499 ob
374 1463 598 1511 pertinaciam
629 1463 802 1508 danistae,
838 1477 879 1500 ex
905 1476 945 1500 eo
972 1464 1123 1510 quaerit,
1149 1477 1234 1500 num
1259 1467 1359 1511 putet
1384 1476 1443 1499 110-

292 1529 420 1564 minem
446 1529 552 1564 alium
578 1541 650 1564 esse
676 1529 735 1576 qui
761 1529 857 1565 daret
877 1529 1060 1577 pecuniam
1081 1524 1253 1566 foenore?
1268 1541 1304 1565 se
1318 1529 1443 1576 igitur,

292 1593 320 1628 si
347 1605 508 1640 umquam
534 1594 600 1630 sibi
627 1594 772 1642 pecunia
796 1607 881 1643 opus
903 1594 1009 1638 foret,
1037 1597 1128 1630 certe
1146 1606 1216 1630 non
1235 1594 1277 1630 ab
1296 1607 1335 1630 eo
1353 1594 1442 1642 peti-

292 1661 418 1695 turum.
445 1658 549 1695 Nunc
579 1659 687 1707 magis
713 1660 821 1697 instat
838 1659 991 1704 danista,
1019 1660 1071 1696 ira
1089 1663 1280 1696 commotus
1304 1663 1445 1708 propter

292 1737 331 1760 ea
368 1737 453 1771 quae
491 1724 624 1761 dixerat
660 1726 809 1762 Tranio:
840 1745 859 1766 a
871 1726 952 1762 Cedo
978 1727 1130 1774 saeuae,
1166 1727 1265 1762 redde
1284 1725 1445 1774 famu?

291 1792 356 1825 cet.
384 1790 447 1837 (vs.
476 1791 704 1837 603—605);
731 1794 768 1826 at
793 1790 939 1835 Tranio,
968 1803 1067 1837 quem
1090 1791 1162 1838 jam
1195 1790 1325 1826 dudum
1350 1792 1447 1839 piget-

293 1855 367 1902 ejus
391 1855 630 1903 repetitionis,
667 1856 851 1892 exclamat:
881 1875 899 1897 ῃ
897 1858 1033 1904 faenus
1058 1856 1132 1900 hic,
1162 1857 1302 1903 faenus
1339 1855 1445 1892 illic”

291 1922 357 1955 cet.
384 1920 448 1967 (vs,
476 1922 698 1968 605—608).
738 1921 901 1965 Danista,
930 1921 990 1967 qui
1016 1920 1105 1956 nihil
1131 1920 1270 1968 petebat
1295 1921 1364 1956 nisi
1388 1921 1445 1956 de-

293 1983 424 2028 bitum,
444 1985 628 2032 respondet
650 2004 668 2026 n
678 1998 743 2022 non
761 1999 810 2022 me
829 1985 969 2022 territas
982 1985 1058 2021 ictis
1077 1985 1202 2029 verbis,
1227 1985 1338 2021 omnia
1362 1998 1448 2033 quae

291 2049 376 2084 dieis
401 2050 456 2085 nil
480 2063 605 2095 moror,
633 2051 663 2086 si
684 2055 722 2087 tu
745 2064 811 2087 non
838 2051 889 2087 vis
905 2051 1043 2097 placide
1070 2050 1150 2086 mihi
1172 2055 1349 2096 amentum
1372 2052 1446 2087 red-

291 2114 385 2158 dere,
417 2114 662 2151 Philolachetis
688 2129 803 2152 nomen
829 2117 905 2152 alta
928 2129 1002 2152 voce
1026 2113 1241 2151 exclamab0'’
1264 2116 1327 2162 (vs.
1354 2116 1445 2159 586,

293 2180 390 2226 609).
443 2180 617 2225 Quoniam
652 2181 817 2217 Tranioni
849 2181 886 2217 in
912 2181 1027 2217 animo
1054 2184 1126 2216 erat
1151 2193 1227 2215 eum
1255 2180 1298 2215 ad
1322 2179 1447 2216 incitas

291 2245 463 2293 redigere,
503 2246 605 2282 dicit:
646 2249 735 2296 usae
774 2248 862 2295 quod
896 2247 997 2292 dieis,
1029 2248 1133 2282 clama
1169 2250 1332 2293 quantum
1354 2251 1448 2294 potes

293 2312 355 2358 (vs.
394 2312 491 2358 586).
543 2312 621 2347 Jam
662 2313 797 2349 danista
840 2313 922 2349 facit
965 2312 1054 2359 quod
1099 2312 1199 2347 modo
1244 2312 1449 2359 promiserat

292 2381 326 2413 et
361 2376 630 2413 Philolachetem
668 2391 790 2426 magno
825 2379 971 2415 clamore
1006 2381 1103 2413 vocat
1135 2379 1195 2424 (vs.
1236 2379 1328 2422 587,
1368 2391 1447 2426 sup-
