1752 2978
872 243 917 276 54

315 332 445 376 Pater,
470 333 627 378 inquam,
666 336 744 367 tuus
766 332 869 367 venit.
895 344 991 368 PHIL.
1027 333 1089 368 Ubi
1114 333 1143 368 is
1168 338 1235 378 est,
1262 336 1389 372 obsecro
1416 338 1473 373 te?

415 409 470 432 ΤΒ.
493 398 610 432 Adest.
637 409 734 433 PHIL.
760 397 865 432 Adest
880 395 898 431 ,9

316 463 483 499 Similiter
522 462 572 498 Le
618 463 749 506 Maire‚
789 462 917 498 omisso
966 467 1080 499 tamen
1118 463 1223 500 verbo
1262 464 1473 503 Philolachis

320 527 522 568 nAdest?'’.
543 528 698 574 Utraque
723 531 838 563 tamen
864 527 967 563 lectio
986 528 1072 564 mihi
1091 529 1230 575 quidem
1247 529 1474 578 improbanda

317 594 465 638 videtur,
481 593 644 641 quoniam
658 593 767 629 multo
781 592 890 641 magis
904 597 1171 631 consentaneum
1184 598 1247 639 est,
1266 596 1473 633 Tranionem

318 660 361 695 ad
396 659 631 706 quaestionem
667 658 897 694 Philolachis:
931 659 1016 698 nubi
1041 659 1072 694 is
1096 664 1165 704 est,
1192 660 1377 696 obsecro?'’
1403 674 1474 697 non

317 724 430 761 solum
456 723 660 771 respondere
687 726 820 770 patrem
846 722 979 767 adesse,
1006 736 1126 759 verum
1151 724 1256 761 etiam
1281 725 1394 762 locum
1419 726 1474 761 in-

319 790 432 825 dicare
451 789 510 824 ubi
529 792 635 832 esset,
655 800 722 834 quo
740 787 877 823 facilius
895 787 1169 825 adolescentibus
1187 794 1323 838 tempus
1341 795 1476 826 vacaret

319 853 468 891 abeundi
495 866 515 889 a
540 852 819 889 commissatione
845 866 1030 900 omnesque
1052 854 1184 890 alienos
1209 868 1228 890 e
1254 855 1356 891 domo
1375 856 1474 891 emit-

322 919 431 955 tendi.
482 918 604 954 Lectio
630 918 813 954 Ritschelii
837 919 992 954 firmatur
1017 919 1222 955 auctoritate
1248 920 1376 955 codicis
1401 920 1443 956 B.

421 984 482 1020 Vs.
510 985 594 1020 373.

322 1061 450 1085 DELPH.
480 1049 736 1092 Callidamates,
778 1048 1036 1092 Callidamates,
1071 1048 1190 1094 viqila.
1222 1060 1320 1085 CALL.
1353 1050 1385 1085 V
1381 1051 1478 1096 iyilo:

422 1115 498 1150 cedo
524 1114 640 1150 bibam.

323 1180 439 1227 Vulgo
466 1179 611 1226 legitur:
649 1196 668 1217 n
677 1179 752 1214 cedo
778 1182 818 1213 ut
842 1177 989 1221 bibam'’,
1025 1178 1117 1224 quod
1150 1182 1260 1214 metro
1293 1185 1478 1227 repugnat,

325 1245 488 1292 quoniam
528 1243 578 1279 sic
615 1243 877 1291 amphibrachys
908 1255 971 1290 pro
1006 1243 1166 1279 trochaeo
1200 1243 1336 1292 positus
1375 1250 1479 1290 esset,

326 1310 419 1356 quod
444 1322 631 1355 numquam
656 1309 750 1344 licet.
802 1308 956 1354 Utraque
987 1308 1081 1343 enim
1115 1309 1246 1355 syllaba
1280 1310 1375 1345 verbi
1407 1312 1481 1346 cedo

327 1374 526 1422 corripitur.
562 1373 616 1409 Cf.
644 1373 771 1421 Amph.
798 1372 847 1407 V:
877 1374 915 1408 1:
943 1374 1009 1416 27,
1043 1372 1142 1420 Capt.
1170 1373 1241 1409 IV:
1269 1376 1308 1409 2:
1336 1375 1380 1409 59
1407 1375 1479 1419 bis,

328 1440 483 1477 Curc.I:
505 1441 550 1475 1:
580 1440 645 1482 75,
674 1439 709 1474 I:
739 1439 777 1473 3:
805 1439 870 1481 46,
898 1437 1017 1473 11:32
1045 1439 1112 1477 28.
1140 1438 1248 1474 st:
1276 1441 1323 1474 54
1347 1442 1382 1474 et
1398 1440 1481 1475 alibi

325 1506 465 1553 passim.

424 1570 485 1606 Vs.
513 1570 584 1605 379
612 1581 662 1615 sq.

329 1660 1009 1672 ...................
1031 1634 1218 1669 miserumet
1243 1646 1338 1679 opus,

327 1701 444 1747 qutur
472 1699 598 1735 demum
613 1698 742 1746 fodere
762 1701 919 1743 puteum,
947 1697 1003 1733 ubi
1026 1698 1102 1733 sitis
1116 1699 1246 1746 fauces=
1272 1704 1386 1735 tenet:

328 1766 526 1801 Miserumst
557 1775 638 1809 opus
681 1766 766 1806 eet.‚
807 1762 1027 1809 proverbium
1062 1766 1211 1799 tractum
1242 1763 1284 1799 ab
1323 1764 1384 1807 iis,
1422 1765 1482 1811 qui

328 1834 403 1866 tum
442 1829 598 1873 demum,
638 1840 744 1875 quum
779 1827 856 1863 sitis
890 1828 961 1863 urit
999 1831 1034 1863 et
1067 1831 1177 1864 torret
1202 1828 1332 1872 fauce&
1366 1829 1483 1865 fodere

327 1899 472 1943 puteum
510 1893 703 1941 incipiunt3
743 1893 914 1940 signifieat
944 1896 1075 1937 autem,
1103 1894 1266 1929 miserum
1292 1907 1380 1938 esse,
1408 1898 1482 1930 tum

328 1961 466 1996 demum
493 1972 566 1995 rem
591 1958 815 1995 necessariam
841 1958 1021 2006 providere
1046 1962 1107 1994 aut
1130 1971 1265 2006 parare,
1292 1971 1398 2005 quum
1423 1972 1482 1995 ne-

329 2026 470 2061 cessitas
503 2027 604 2072 urget
635 2027 670 2059 et
695 2027 832 2071 tempus
856 2023 999 2071 parandi
1029 2036 1100 2059 non
1131 2023 1242 2059 datur.
1274 2023 1356 2060 Vid.
1381 2023 1483 2060 Lam-

329 2090 401 2126 bin.
428 2089 472 2125 ad
496 2089 531 2125 h.
551 2088 575 2125 l.

431 2154 545 2200 Iqitur
562 2155 688 2190 demum
698 2182 708 2198 ,
737 2154 774 2189 in
793 2153 935 2201 apodosi
955 2153 1126 2200 positum,
1146 2154 1329 2201 respondet
1346 2157 1483 2189 nostro:

339 2224 450 2259 neem
468 2219 556 2263 dan,
580 2219 743 2266 eindeliy'k
765 2217 883 2253 eens”.
912 2218 1042 2254 Rursus
1053 2218 1135 2254 haec
1148 2219 1328 2266 conjungit-
1340 2218 1485 2254 Plautus

332 2284 422 2320 Rud.
449 2284 517 2319 IV:
548 2287 583 2318 2:
615 2285 679 2327 25,
708 2284 815 2318 Mero.
844 2283 921 2318 III:
949 2285 989 2318 2:
1018 2286 1050 2319 9.
1103 2283 1154 2319 Cf.
1183 2284 1335 2320 Gronov.
