1752 2978
872 351 916 386 19

316 467 324 476 .
353 469 361 476 .
390 469 397 477 .
428 469 434 476 .
462 442 598 488 quisque
624 443 738 477 veniat
765 456 836 477 cum
863 444 939 478 vino
966 455 1044 478 suo:
1071 455 1147 477 nam
1173 442 1251 477 hinc
1276 441 1403 488 quidem

313 506 421 542 Hodie
438 508 651 553 polluctura,
670 511 811 554 praeter
837 520 911 552 nos,
930 509 1009 556 jam
1034 507 1171 543 dabitur
1196 507 1334 543 nemini.

413 572 478 608 Vs.
507 575 565 609 34.

359 636 448 674 Quid
472 637 532 673 tibi
556 639 695 681 malum,
723 651 787 681 me,
814 641 876 672 aut
901 637 983 684 quid
1007 650 1061 683 eqo
1086 650 1197 683 aqam,
1227 636 1421 672 curatiost?

313 701 487 737 Sexcentis
533 702 618 737 loeis
664 701 815 737 verbalia
858 701 896 735 in
941 702 972 736 io
1020 701 1180 736 exeuntia
1222 704 1471 735 construuntur

313 766 405 813 apud
439 766 603 801 Plautum
637 778 715 801 cum
749 778 829 800 casu
866 764 979 808 verbi,
1022 765 1074 801 Cf.
1102 765 1228 813 Amph.
1263 765 1301 800 I:
1332 766 1374 800 3:
1404 766 1470 800 21:

317 831 408 869 Quid
426 832 485 867 tibi
510 832 597 866 Itane
622 831 752 866 curatio
773 834 823 865 est
849 843 933 873 rem,
961 829 1102 865 Cas.112
1132 833 1173 865 6:
1203 832 1268 865 54:
1300 830 1391 868 Quid
1412 830 1472 864 tibi

315 896 416 931 tactio
438 896 526 930 huuc
540 895 664 942 juvit,
693 894 791 930 Cure.
819 894 866 929 V:
897 896 935 929 2:
966 895 1031 930 27:
1062 894 1152 933 Quid
1173 895 1232 931 tibi
1250 895 1350 930 istum
1369 894 1471 929 tactio

314 965 375 997 est.
427 960 505 996 Hoc
531 963 646 996 autem
677 959 752 995 1000
780 960 866 995 duae
892 959 1165 995 constructiones
1200 960 1235 995 in
1264 973 1367 996 unam
1394 973 1471 996 ooa-

315 1026 473 1069 luerunt,
501 1028 536 1060 et
563 1025 612 1060 ita
638 1024 741 1060 verba
758 1024 977 1072 explicanda:
1009 1025 1118 1071 aquid
1143 1029 1180 1059 tu
1206 1038 1304 1060 curas
1330 1030 1392 1060 aut
1410 1039 1469 1069 me,

314 1095 376 1126 aut
402 1091 486 1138 quid
509 1104 565 1136 eqo
593 1103 688 1136 aqam
703 1098 735 1125 ¹¹.
764 1089 885 1126 Minus
911 1090 1106 1136 frequenter
1132 1089 1194 1125 hac
1217 1090 1472 1126 constructione

315 1155 427 1191 utitur
453 1154 646 1190 Terentius,

413 1220 474 1255 Vs.
503 1220 561 1255 35.

464 1287 521 1320 An
546 1284 622 1320 ruri
647 1296 764 1331 quaeso
791 1296 857 1318 uon
874 1287 955 1318 sunt
981 1295 1060 1330 quos
1086 1296 1179 1319 cures
1205 1284 1323 1319 bovis?

315 1350 414 1394 bovis,
433 1361 501 1385 acc.
520 1349 610 1397 plur.
629 1361 691 1396 pro
710 1350 802 1384 bove-s·
815 1348 901 1394 legit
914 1348 1124 1383 Ritsohelius
1136 1348 1323 1383 secundum
1345 1348 1473 1384 libros:

316 1415 407 1450 unde
434 1414 578 1450 efficitur
603 1413 797 1460 genitivum
823 1414 914 1448 boum
946 1425 1017 1448 non
1044 1426 1085 1448 ex
1111 1414 1240 1457 bovum,
1268 1414 1327 1449 sed
1355 1427 1396 1449 ex
1421 1416 1472 1449 bo-

316 1481 405 1515 vium
444 1493 517 1515 esse
555 1483 788 1522 contractum,
816 1479 865 1514 sic
890 1482 929 1514 ut
955 1491 1009 1521 οε,
1035 1481 1178 1522 ossium,
1203 1492 1277 1515 mue
1308 1482 1472 1523 murium,

316 1545 392 1588 lar,
424 1545 571 1587 larium,
597 1544 657 1587 lis,
684 1544 795 1579 litium
821 1547 884 1579 etc.

415 1609 476 1645 Vs.
504 1610 563 1645 38.

418 1676 523 1713 Quam
548 1675 749 1721 confidenter
776 1674 934 1720 loquitur.

315 1739 418 1786 vulgo
445 1738 583 1774 additur
597 1740 684 1785 fue,
726 1750 793 1783 quo
832 1741 945 1772 tamen
981 1737 1108 1772 omisso
1143 1738 1265 1774 melius
1298 1739 1471 1775 constabit

315 1817 443 1840 versuS.

414 1869 475 1904 Vs.
502 1870 562 1904 40.

374 1935 539 1970 Germana
566 1934 725 1977 inluvies,
756 1933 837 1979 [rus
862 1934 1028 1980 merum‚]
1057 1933 1186 1977 hircus,
1214 1935 1300 1969 hara
1326 1935 1412 1978 suis,

319 2001 504 2036 Germanus
529 1999 667 2047 proprie
693 2001 745 2033 est
770 1998 861 2033 idem
890 1998 981 2044 quod
998 2010 1118 2042 verua,
1146 1998 1183 2033 in
1210 2010 1277 2045 quo
1303 2000 1394 2035 nihil
1420 2005 1472 2035 est

317 2065 422 2101 alieni
457 2064 512 2100 vel
546 2063 748 2107 adulterati,
790 2063 881 2110 quod
917 2063 1100 2099 vernaculo
1140 2076 1296 2100 sermone
1324 2064 1471 2101 dicimus

318 2132 401 2166 echt.
452 2130 597 2165 Illuvies
622 2133 673 2164 est
699 2142 785 2175 aqua
809 2129 884 2164 luto
911 2128 1051 2164 turbida
1076 2141 1162 2175 quae
1178 2129 1271 2177 ripas
1288 2129 1471 2166 fluminum

318 2195 467 2237 excedit,
487 2194 567 2229 inde
585 2194 755 2241 significat
767 2193 803 2228 id
822 2193 914 2240 quod
931 2193 1108 2241 impurum
1121 2197 1156 2229 et
1172 2194 1389 2229 immundum
1407 2199 1470 2231 est.

322 2260 485 2294 Germana
510 2259 656 2294 inluvies
685 2258 800 2305 itaque
831 2261 901 2293 est:
940 2271 1031 2294 mera
1068 2258 1246 2304 impuritas
1281 2262 1316 2293 et
1353 2271 1472 2295 servus

319 2324 469 2360 urbanus
495 2323 545 2359 ita
570 2328 669 2359 vocat
692 2336 827 2359 servum
852 2323 1041 2368 rusticum,
1070 2323 1160 2370 quod
1189 2323 1246 2359 hic
1275 2336 1409 2372 semper
1434 2326 1471 2361 in

319 2402 420 2436 opere
446 2389 625 2425 immundo
652 2393 817 2424 versatur.
843 2388 957 2424 Verba
981 2388 1176 2434 sequentia:
1207 2401 1293 2428 urus
1318 2398 1467 2425 merumu

1304 2452 1337 2473 ς.
