1752 2978
868 347 912 381 93

315 438 372 484 qui
412 438 619 474 dormitant:
659 442 697 474 ut
734 437 824 486 apud
864 436 1008 476 Cinnam
1041 437 1150 472 lectus
1175 439 1228 471 est
1255 435 1466 470 versiculus:

453 503 529 537 Jam
551 503 667 548 yravie
692 503 821 547 ingenti
846 501 1018 544 connivere
1035 501 1169 546 pupula
1194 513 1317 535 somno.

315 567 408 611 ideo,
449 580 552 613 quum
584 568 620 602 in
647 567 779 602 foribus
802 567 982 613 juncturas
1008 578 1081 601 esse
1106 565 1249 599 minime
1275 566 1368 600 laxas
1395 577 1465 600 ser-

316 644 376 666 vus
416 632 626 674 ostenderet,
665 631 809 666 dormire
847 643 902 665 eas
937 629 1081 664 ridicule
1113 628 1227 676 priu8‚
1254 628 1333 664 dein
1360 629 1464 664 etiam

314 697 489 732 connivere
511 696 711 744 joculariter
738 696 843 738 dicit,
875 708 916 730 ex
942 694 1051 730 oculis
1077 694 1340 730 dormitantium
1363 695 1465 730 ducta

315 760 548 808 metaphora.'’
600 760 759 796 Ceterum
798 760 832 795 h.
864 759 888 795 l.
927 758 1064 794 videtur
1095 771 1168 793 esse
1194 759 1348 804 quaestio
1376 759 1466 795 indi-

316 830 422 869 recta,
463 825 499 861 in
539 838 606 872 qua
642 838 704 872 pro
744 823 975 871 Conjunctivo
1001 836 1100 871 saepe
1126 823 1209 871 poni
1235 823 1467 860 Indicativum

278 904 280 907 ’
317 875 436 925 notum
463 894 525 925 est.
579 890 630 924 Cf.
659 889 781 924 Horat.
808 889 878 924 Sat.
905 888 942 923 I:
972 891 1009 923 2:
1039 889 1100 923 23:

384 954 421 988 Si
445 954 519 999 quie
544 966 634 988 nunc
659 957 816 999 quaerat,
844 965 907 998 quo
933 964 985 987 res
1011 953 1090 987 haec
1107 953 1280 998 pertinet.-
1306 953 1401 988 illuc.

319 1018 432 1052 Multa
469 1017 623 1064 exempla
650 1017 783 1063 colligit
809 1017 1027 1052 Burmannus
1053 1016 1096 1051 ad
1122 1016 1249 1051 Lucan.
1301 1017 1408 1052 Phars
1434 1018 1469 1052 1:

320 1084 401 1117 126.
449 1081 501 1117 Cf.
541 1095 654 1129 porro.
691 1082 805 1117 Plaut.
833 1082 960 1129 Amph.
987 1081 1074 1129 prol.
1104 1082 1169 1125 17,
1200 1083 1264 1125 50,
1293 1082 1372 1119 Mil.
1399 1082 1470 1117 IV:

318 1150 359 1182 6:
388 1149 433 1183 47
445 1175 454 1191 ‚
491 1151 525 1182 et
551 1147 634 1183 alibi
661 1148 799 1195 passim.
851 1147 966 1182 Etiam
993 1146 1170 1182 connivent
1193 1147 1309 1194 jocose
1335 1147 1467 1183 dictum

318 1219 370 1248 est
395 1225 473 1260 pro:
503 1231 522 1253 η
533 1225 605 1248 non
631 1213 674 1248 ad
699 1212 981 1260 perpendiculum
1008 1216 1203 1248 constructa
1229 1212 1354 1249 sunt.''

418 1278 478 1313 Vs.
507 1279 589 1313 832.

349 1343 460 1378 'Viden
477 1342 626 1388 pictum,
655 1346 693 1377 ut
720 1342 873 1390 ludificat
899 1355 968 1377 una
994 1342 1110 1377 cornix
1137 1343 1299 1378 volturios
1325 1343 1434 1378 duos?

320 1407 402 1443 Non
427 1407 544 1442 aderat
569 1406 703 1454 pictura
728 1406 767 1442 in
791 1406 932 1443 aedibus
958 1406 1126 1450 Simonis,
1147 1420 1265 1443 verum
1292 1421 1409 1444 servus
1436 1423 1471 1444 se

321 1473 434 1520 ipsum
465 1472 624 1508 cornicem
662 1472 766 1516 dicit,
802 1472 920 1508 ambos
946 1476 1061 1507 antem
1088 1484 1184 1507 senes
1210 1474 1393 1517 volturios,
1422 1474 1475 1509 vel

321 1541 460 1585 propter
485 1536 671 1581 canitiem,
699 1537 753 1572 vel
778 1541 918 1585 propter
944 1537 1136 1573 avaritiam.
1174 1537 1227 1577 Cf.
1246 1551 1295 1574 vs.
1324 1540 1394 1574 833
1422 1552 1472 1586 sq.

324 1603 373 1637 Ut
404 1603 519 1638 cornix
543 1602 697 1637 ludificat
727 1603 908 1644 volturiox,
941 1602 990 1636 sie
1024 1602 1082 1636 ille
1110 1603 1181 1637 seni
1212 1604 1347 1649 utrique
1374 1604 1474 1639 ludos

324 1667 416 1703 facit.

423 1732 484 1769 Vs.
512 1733 594 1767 836.

327 1826 334 1833 .
364 1826 372 1834 .
400 1826 408 1834 .
436 1798 502 1833 TH.
537 1797 699 1844 Profecto
732 1797 862 1831 nullam
889 1796 1035 1842 equidem
1063 1797 1136 1832 illic
1162 1799 1322 1833 cornicem
1349 1799 1478 1835 intuor.

325 1864 449 1898 Intuor
475 1862 596 1897 tertiae
629 1861 883 1909 conjugationis
909 1873 971 1908 pro
1004 1862 1155 1905 intueor,
1190 1863 1477 1909 quemadmodum

315 1928 457 1975 servire
495 1922 530 1962 et
544 1927 707 1974 fervere,
746 1926 889 1964 stridk‘rc
924 1931 958 1960 et
993 1926 1158 1970 stridere,
1185 1929 1274 1966 olore
1299 1932 1335 1963 et
1365 1930 1477 1972 olere,

326 1993 410 2028 ciere
436 1996 470 2027 et
495 1992 595 2036 θεῖνε,
621 1990 795 2027 connivere
820 1994 855 2026 et
880 1991 1064 2027 connivErc.

426 2058 486 2093 Vs.
516 2059 600 2093 839.

332 2123 487 2166 Omnino,
515 2127 554 2157 ut
582 2126 613 2157 te
632 2124 818 2165 absolvam,
840 2123 969 2156 nullam
980 2122 1107 2167 pictam
1124 2123 1284 2167 conspicio
1302 2124 1356 2158 hie
1375 2137 1478 2159 avem.

335 2188 379 2222 Ut
405 2191 437 2223 te
463 2188 644 2231 absolvam,
672 2188 696 2223 i.
723 2200 752 2222 e.
786 2200 856 2226 nne
883 2186 1015 2222 diutius
1042 2191 1076 2222 te
1102 2186 1254 2222 morer.”

426 2251 487 2288 Vs.
516 2253 598 2288 843.
1245 2302 1247 2304 ‚

354 2317 443 2360 Eho,
470 2317 587 2360 ictum,
608 2330 731 2362 pnere,
760 2316 965 2352 circumduce
991 2319 1087 2353 hasce
1104 2318 1195 2353 aedis
1222 2322 1254 2352 et
1272 2319 1457 2355 conclavia.

332 2381 443 2427 Vulgo
470 2381 612 2416 verbum
638 2382 879 2417 circumducere
913 2382 1124 2417 construitur
1158 2395 1235 2417 eum
1271 2395 1379 2419 accus,
1408 2397 1481 2430 per-
