1752 2978
866 243 935 278 120

416 329 478 365 Vs.
507 331 615 366 1103.

319 395 373 430 Sic
400 399 512 431 tamen
538 395 617 431 bine
642 396 818 431 consilium
844 398 981 433 dedero:
1005 396 1106 432 nimio
1122 397 1207 442 plus
1231 397 1324 442 sapio
1347 397 1474 433 sedens.

319 460 443 496 Subest
466 461 569 507 jocus
595 460 632 495 in
663 459 844 507 ambiguo,
871 464 912 496 ut
937 461 1021 497 scite
1039 461 1282 496 animadvertit
1299 461 1474 497 Polletus:

322 543 341 565 η
353 524 446 561 Nam
473 524 532 572 qui
559 538 652 561 aram
678 529 906 574 occuparant,
938 527 1063 574 quique
1088 526 1131 562 ad
1156 539 1249 562 aram
1274 526 1355 562 deos
1372 539 1474 562 vene-

318 589 484 625 rabantur
510 593 545 626 et
570 590 814 638 precabantur,
841 592 1017 636 sedebant3
1044 592 1197 627 sedebant
1218 590 1322 627 etiam
1349 591 1408 638 qui
1433 591 1475 627 de

319 667 355 690 re
379 654 494 702 aliqua
520 655 775 692 consultabant.
788 655 811 671 ”
836 657 889 693 De
910 657 1100 705 posteriore
1126 656 1221 693 verbi
1239 657 1350 693 sedere
1367 656 1474 704 signi-

317 721 476 756 ficatione
507 720 560 757 Of.
590 721 701 757 Varro
733 722 776 757 R.
809 722 851 758 R.
887 722 918 758 Ι.
954 735 1028 770 cap.
1056 725 1094 757 2:
1126 722 1225 758 Vetus
1242 722 1474 768 proverbium,

319 787 491 822 Romanu-3
516 786 658 822 sedendo
684 786 803 822 vincit.
1358 788 1361 789 ⁷

420 850 482 887 Vs.
511 852 606 887 1107
620 879 628 887 .

420 916 487 952 ΤΗ.
528 915 702 960 Quidum?
727 917 790 952 ΤΒ.
822 915 910 960 Quia
936 916 992 951 nil
1014 916 1145 963 quaesti
1169 916 1215 952 sit
1240 916 1291 952 ei:
1316 916 1368 952 ita
1393 915 1476 951 mali

532 983 643 1018 hercle
668 983 759 1017 ambo
784 994 907 1017 sumus.

325 1046 413 1085 Quia
457 1047 512 1082 nic
552 1047 683 1093 quaesti
720 1047 767 1082 sit
803 1047 834 1082 ei
880 1049 965 1089 cet.,
1003 1045 1027 1081 i.
1068 1058 1115 1089 e.,
1156 1048 1196 1081 ut
1233 1045 1478 1081 animadvertit

320 1111 512 1148 Lambinus
550 1112 642 1159 apud
681 1111 897 1147 Gronovium
936 1110 980 1146 ad
1012 1110 1046 1147 h.
1073 1111 1118 1154 l.,
1160 1128 1179 1150 n
1194 1110 1271 1146 Nos
1297 1111 1365 1145 duo
1392 1111 1476 1146 adeo

321 1177 422 1224 probi
460 1189 577 1212 sumus
609 1177 821 1212 fallaciarum
846 1175 1009 1219 artifices,
1037 1178 1098 1219 ut,
1126 1175 1156 1210 si
1183 1175 1259 1222 quis
1286 1175 1409 1211 tertius
1436 1188 1477 1211 ex

320 1241 465 1277 fallaciis
498 1242 633 1278 lucrum
671 1242 781 1277 facere
827 1244 862 1277 et
897 1240 1078 1277 nobiscum
1113 1240 1258 1276 eundem
1299 1244 1477 1287 quaestum

321 1306 562 1343 factitantibus
586 1310 715 1342 certare
733 1306 833 1350 velit,
849 1305 968 1353 procul
984 1305 1090 1341 dubio
1104 1305 1194 1340 fame
1207 1305 1381 1352 periturus
1395 1304 1477 1341 sit.”

421 1371 483 1408 Vs.
510 1373 619 1408 1109.

422 1437 509 1473 Med
532 1438 692 1473 emunoeti.
721 1437 784 1473 ΤΒ.
821 1437 905 1472 Vide
930 1438 995 1479 eis,
1020 1437 1127 1472 satine
1145 1441 1251 1471 recte.-
1274 1449 1356 1470 ‘num
1373 1438 1479 1471 mucci

510 1500 657 1548 fluont?

421 1566 535 1602 Aliter
552 1566 787 1614 Theuropides
796 1593 806 1610 ‚
826 1565 927 1601 aliter
945 1565 1071 1601 Tranio
1090 1564 1232 1601 verbum
1250 1565 1315 1601 hoc
1332 1565 1457 1613 accipit
1465 1581 1476 1610 3

323 1645 495 1678 emunqere
531 1632 624 1667 enim
661 1631 801 1679 proprie
840 1631 1011 1678 significat
1042 1643 1143 1666 nares
1159 1644 1313 1676 purqare
1337 1632 1475 1675 muccis,

323 1697 488 1733 translate
510 1697 709 1744 fraudare,
743 1696 905 1741 spoliare,
921 1695 1060 1742 fraude
1083 1700 1289 1743 extorquere.
1321 1696 1386 1731 Est
1410 1695 1476 1743 igi-

324 1766 381 1797 tur
403 1763 502 1809 jocus
528 1761 566 1797 in
591 1761 765 1807 ambiguo.

423 1826 484 1862 Vs.
513 1827 609 1861 1113
637 1837 688 1871 sq.

364 1890 577 1938 ⁴Numquam
614 1889 733 1938 edepol
761 1889 812 1935 [tu
838 1888 919 1924 haec
935 1889 1118 1935 facinora]
1148 1888 1246 1924 hodie
1270 1889 1395 1924 inultus
1419 1891 1476 1926 de-

473 1955 681 2003 siqnaverie:

375 2020 455 2055 Iam
480 2020 591 2067 iynem
613 2024 645 2055 et
659 2031 793 2054 ¹carmen
810 2018 874 2053 tibi
888 2018 1025 2061 iubebo,
1052 2018 1236 2065 carnafeoe,
1261 2019 1478 2055 circumdari.

327 2086 441 2130 Quare
481 2084 692 2120 Bitschelius
728 2084 790 2119 hos
825 2096 943 2119 versus
973 2083 1177 2126 mutaverit,
1217 2084 1303 2119 mihi
1341 2084 1478 2130 quidem

326 2163 396 2185 non
434 2150 562 2196 liquet,
600 2149 782 2196 quoniam,
824 2151 863 2183 ut
897 2148 934 2183 in
969 2148 1122 2184 editione
1147 2147 1272 2184 Weisii
1297 2149 1479 2197 leguntur,

327 2215 533 2250 auctoritate
559 2215 688 2250 codicis
714 2214 764 2258 B,
793 2214 1011 2261 aptissimum
1038 2226 1175 2249 sensum
1193 2214 1368 2261 praebent.
1415 2214 1479 2249 Le-

328 2283 457 2325 guntur
483 2279 532 2314 ibi
560 2280 625 2314 sic:
