1752 2978
894 261 913 294 2

322 351 411 386 forte
450 351 514 385 hoe
548 350 735 397 specimine
768 349 899 385 edendo
935 362 1122 396 aequorum
1157 349 1313 397 judicum
1352 355 1480 398 puncta

322 417 410 451 ferre
437 416 522 451 mihi
550 415 751 462 contigerit,
787 415 824 450 in
857 415 973 450 animo
1006 419 1058 450 est
1083 414 1232 461 reliquas
1261 428 1395 462 quoque
1424 429 1478 452 co-

324 480 474 515 moedias
508 480 687 515 Plautinas
722 480 842 514 eodem
878 480 980 514 modo
1012 479 1072 515 aut
1104 479 1245 523 melius,
1284 483 1323 515 ut
1360 493 1478 528 spero,

322 544 431 580 cdere.
483 544 751 592 Praecipuorum
785 544 1111 580 commentariorum
1151 547 1309 592 excerpta
1346 545 1479 581 contuli

323 614 357 644 et
386 609 514 656 passim
550 609 714 655 quaedam
747 609 788 644 de
823 609 909 644 meis
944 609 1073 645 addidi.
1126 609 1229 653 Quod
1262 609 1305 644 ad
1345 613 1479 646 textum

322 673 468 718 attinet,
495 674 728 710 recensionem
755 677 891 709 secutus
917 686 994 710 sum
1020 673 1221 718 Ritschelii,
1248 674 1375 722 quippe
1394 687 1479 721 quae

323 740 481 774 universe
509 742 660 786 spectata
691 739 852 775 omnibus
888 739 990 786 longe
1025 738 1264 786 anteponenda
1298 739 1355 775 sit.
1408 740 1478 785 Qui

322 808 437 838 ‘tamen
464 817 569 850 quum
584 817 654 839 non
677 816 810 851 semper
828 803 900 838 sive
918 803 1184 851 permutationis
1202 816 1380 849 versuum,
1407 804 1479 840 sive

323 869 511 903 lectionum
551 882 570 904 a
602 869 742 915 vulgata
781 868 1053 916 discrepantium
1087 868 1239 904 rationes
1270 868 1477 913 reddiderit,

324 937 491 979 quantum
515 934 614 981 potui
635 934 804 981 expiicare
825 936 968 968 conatus
999 945 1074 968 sum
1101 933 1185 979 quid
1210 946 1289 968 eum
1313 933 1479 969 adducere

324 998 478 1044 potuerit
506 1003 544 1033 ut
566 1002 700 1033 textum
725 1011 787 1033 suo
814 998 915 1033 modo
943 997 1129 1044 corrigeret
1136 1012 1146 1041 ;
1174 997 1299 1043 quibus
1325 1011 1405 1033 vero
1428 999 1478 1033 lo-

324 1063 373 1097 cis
399 1063 504 1098 nimis
530 1063 690 1098 audacter
717 1063 820 1098 verba
853 1065 1003 1097 mutasse
1038 1065 1098 1097 aut
1126 1074 1243 1098 versus
1275 1062 1480 1110 expunxisse

326 1128 410 1163 mihi
457 1127 649 1171 videretur,
688 1128 805 1175 paucis
840 1126 952 1162 verbis
999 1127 1183 1162 lectionem
1228 1127 1385 1163 codicum
1422 1128 1479 1164 de-

323 1193 460 1228 fendere
486 1192 616 1228 studui.
668 1192 772 1228 Prius
811 1205 891 1227 vero
923 1205 1024 1238 quam
1057 1192 1100 1227 ad
1135 1192 1244 1239 ipsam
1269 1193 1479 1228 comoediam

324 1257 560 1305 explicandam
586 1257 779 1305 aggrediar,
804 1270 911 1305 pauca
929 1257 1094 1292 disserere
1109 1258 1220 1304 juvat.
1249 1259 1285 1293 1⁰
1309 1257 1350 1293 de
1368 1271 1480 1293 exem-

324 1322 393 1369 plis
417 1334 503 1368 quae
529 1322 674 1358 Plautus
699 1325 836 1357 secutus
863 1325 931 1365 est,
969 1324 1004 1357 2⁰
1028 1321 1069 1357 de
1101 1325 1304 1369 argumento
1329 1322 1479 1366 fabulae,
1510 1321 1513 1323 ’

327 1389 362 1422 3⁰
387 1387 428 1423 de
451 1388 546 1435 justa
573 1387 804 1435 descriptione
831 1388 1041 1423 Actuumet
1064 1387 1259 1424 Scenarum.

426 1453 472 1488 1⁰.
498 1452 528 1488 E
552 1452 673 1488 multis
699 1452 838 1488 indiciis
865 1455 960 1499 patet
978 1452 1143 1487 Plautum
1169 1456 1204 1487 et
1226 1452 1425 1488 Terentium
1444 1453 1481 1487 111

324 1517 548 1553 contexendis
571 1517 698 1552 fabulis
724 1520 843 1564 poetas
866 1517 1033 1560 Graecos,
1062 1520 1096 1551 et
1121 1517 1259 1563 quidem
1287 1517 1481 1552 comoediae

325 1594 434 1617 novae
471 1584 551 1616 ante
577 1581 695 1616 oculos
730 1580 903 1617 habuisse.
958 1581 1083 1616 Omnis
1117 1581 1210 1616 enim
1248 1581 1482 1617 Romanorum

326 1645 439 1693 poesis
466 1649 537 1681 tam
557 1645 687 1680 comica
712 1657 814 1691 quam
841 1645 970 1692 tragica
995 1645 1166 1692 originem
1190 1645 1289 1680 duxit
1307 1658 1325 1681 e
1343 1645 1482 1681 Graecis

325 1711 493 1747 fontibus.
545 1710 694 1747 Romani
724 1710 851 1758 quippe
886 1724 974 1755 non,
1014 1714 1055 1746 ut
1081 1711 1222 1755 Graeci,
1262 1711 1330 1747 toti
1369 1724 1481 1747 versa-

325 1777 453 1813 bantur
477 1777 515 1811 in
539 1776 767 1812 humanitatis
794 1776 938 1820 studiis,
974 1789 1084 1822 neque
1113 1776 1187 1824 apti
1213 1780 1311 1812 erant
1335 1777 1378 1812 ad
1403 1777 1481 1824 pin-

326 1841 455 1889 gendos
482 1854 593 1877 mores
628 1843 663 1876 et
696 1840 891 1877 animorum
927 1845 1062 1885 motus,
1098 1844 1280 1889 propterea
1314 1841 1406 1888 quod
1431 1841 1483 1877 nil

325 1909 397 1943 fere
427 1907 627 1955 spectabant
652 1907 721 1942 nisi
755 1907 894 1953 negotia
937 1906 1075 1953 publica
1114 1910 1149 1941 et
1187 1906 1391 1942 domesticas
1429 1919 1481 1942 ra-

326 1972 458 2016 tiones,
484 1971 611 2007 artium
637 1974 753 2007 autem
779 1974 814 2006 et
832 1970 1066 2006 doctrinarum
1089 1970 1220 2006 cultum
1241 1970 1395 2006 utilitate
1412 1970 1483 2005 fere

327 2037 571 2073 metiebantur.
592 2036 645 2072 Of.
665 2036 737 2072 Cic.
759 2036 859 2071 Tusc.
875 2036 975 2084 Disp.
990 2035 1069 2072 Lib.
1092 2036 1111 2071 I
1130 2048 1203 2083 cap.
1219 2037 1253 2071 1.
1279 2035 1404 2071 Postea
1425 2035 1482 2071 de-

327 2115 423 2138 mum
449 2115 556 2150 quum
583 2100 826 2137 commercium
851 2100 976 2137 habere
1010 2104 1197 2149 coeperunt
1221 2113 1299 2136 cum
1325 2101 1481 2144 Graecis,

327 2167 452 2213 quibus
478 2167 591 2215 primo
618 2166 802 2209 molestus,
844 2166 967 2201 deinde
1005 2166 1117 2201 facilis
1148 2166 1191 2200 ad
1224 2165 1344 2202 urbem
1369 2165 1484 2201 aditus

326 2232 486 2280 patebat,
513 2233 642 2268 artium
668 2244 764 2267 amor
791 2232 828 2266 in
855 2231 928 2266 dies
954 2244 1102 2267 crescere
1128 2231 1253 2279 eoepit.

424 2297 558 2332 Deinde
584 2297 651 2344 ipsi
684 2308 819 2343 quoque
856 2309 993 2343 operam
1033 2296 1200 2331 dederunt
1238 2296 1365 2332 fabulis
1403 2307 1482 2331 con-
