1752 2978
846 250 891 283 38

343 339 379 373 Si
412 340 540 386 quidem
574 340 684 374 lierele
710 340 921 374 vendundum
948 343 1016 383 est,
1045 344 1147 385 pater
1173 340 1319 376 vaenibit
1345 342 1449 376 mullo

434 406 569 451 potius,
597 408 663 441 cet.

291 471 372 506 hinc
399 483 478 506 vero
502 471 621 519 inepta
639 471 791 506 nascitur
815 471 1005 515 sententia,
1033 471 1162 507 diceret
1184 471 1349 507 nimirum
1367 471 1449 507 Phi-

291 536 454 572 lolaches:
499 555 517 576 η
529 537 559 572 si
599 536 683 584 quid
720 536 942 573 vendundum
985 541 1074 574 esset
1104 537 1232 574 amicae
1266 537 1451 573 servandae

291 602 420 648 gratia,
459 602 707 637 venumdatum
745 602 788 636 iri
829 614 849 637 a
887 614 922 637 se
948 615 1019 637 non
1049 603 1144 638 aliud
1174 602 1275 649 quid,
1303 602 1362 638 sed
1390 615 1449 650 pa-

291 669 390 703 trem.
418 666 532 702 Immo
558 667 623 703 hoc
649 666 753 702 dicit:
778 666 924 702 Etiamsi
943 670 1075 715 patrem
1093 667 1167 716 ipse
1184 667 1330 703 vendere
1349 667 1449 703 debe·

290 745 380 776 rem,
406 732 444 768 id
469 732 586 780 potius
613 733 774 776 facerem,
803 745 904 779 quam
931 736 966 768 te
989 737 1138 781 egestate
1157 734 1266 781 premi
1291 733 1449 768 sinerem.

390 797 451 834 Vs.
481 799 564 833 232.

396 864 497 902 Quom
524 876 574 899 me
600 863 758 899 videbunt
780 864 930 909 qratiam
957 866 1088 911 referre
1113 865 1191 900 bene
1215 863 1366 899 merenti.

293 929 336 964 In
362 928 463 965 libris
487 928 545 964 hic
568 941 686 964 versus
712 928 894 964 mutilatus
919 932 981 965 est.
1009 929 1194 974 Gruterus,
1219 941 1319 976 quem
1337 929 1448 976 sequi-

293 998 350 1031 tur
373 994 546 1037 Weisius,
573 994 623 1029 sic
648 994 744 1040 legit.

398 1059 503 1103 Quom
529 1071 578 1094 me
594 1059 752 1107 fidebant
772 1059 922 1104 qratiam
949 1060 1149 1106 referentem
1175 1070 1243 1094 rem
1257 1059 1408 1106 ferenti.

293 1124 371 1159 Hoc
388 1136 468 1159 vero
487 1123 516 1159 si
539 1136 610 1159 non
627 1124 764 1171 inepte,
790 1123 972 1160 invenuste
997 1127 1089 1159 certe
1106 1124 1238 1159 dictum
1256 1127 1327 1159 est:
1352 1137 1449 1163 ume-

291 1188 450 1224 retricem
489 1188 621 1224 scilicet
658 1188 812 1236 profiteri
852 1201 887 1224 se
923 1189 955 1224 ei
979 1188 1200 1236 potissimum
1225 1188 1371 1235 gratiam
1398 1201 1450 1223 re-

292 1254 397 1298 ferre,
426 1255 485 1301 qui
509 1267 582 1291 rem
607 1255 631 1290 i.
661 1268 689 1291 e.
716 1254 914 1302 pecuniam,
939 1254 1073 1291 lucrum
1100 1254 1167 1290 sibi
1192 1254 1290 1290 ferat.
1335 1253 1451 1289 Multo

292 1320 472 1355 honestius
484 1320 635 1363 dictum,
664 1320 756 1366 quod
774 1320 861 1367 legit
872 1320 1082 1355 Bitschelius
1100 1320 1196 1366 cujus
1219 1320 1451 1355 emendationi

294 1388 402 1428 certe,
430 1397 536 1431 aeque
557 1388 659 1431 atque
683 1385 811 1432 priori,
837 1384 970 1420 codices
996 1385 1236 1432 suffragantur.

394 1449 455 1485 Vs.
483 1450 566 1484 233.

366 1513 503 1549 Utinam
528 1526 621 1549 meus
646 1525 734 1548 nunc
758 1519 906 1549 mortuos
925 1520 1030 1562 pater
1052 1515 1100 1549 ad
1125 1526 1177 1549 me
1202 1515 1386 1557 nuntietur,

294 1579 380 1614 Cum
418 1578 473 1613 his
509 1578 641 1622 verbis,
678 1591 763 1625 quae
789 1591 860 1614 non
887 1582 959 1614 tam
984 1578 1212 1614 inhumanum
1240 1579 1451 1614 Philolachis

292 1644 465 1688 animum,
506 1657 606 1690 quam
635 1644 761 1679 amoris
789 1644 1016 1688 dementiam,
1046 1657 1111 1691 qua
1137 1649 1334 1680 oceoecatus
1359 1651 1448 1687 erat,

292 1708 467 1759 indicant,
488 1708 540 1744 Cf.
564 1708 719 1744 Naevius
737 1708 926 1751 Tribacelo,
949 1709 1040 1755 apud
1054 1709 1227 1744 Donatum
1250 1710 1291 1745 ad
1312 1711 1448 1745 Terent.

293 1772 442 1820 Adelph.
469 1772 541 1808 IV:
572 1774 612 1808 l:
642 1775 683 1808 6:

350 1838 446 1874 Deos
470 1851 591 1886 quaeso
616 1845 653 1873 ut
677 1840 833 1874 adimant
858 1845 888 1874 et
908 1846 1042 1886 patrem
1070 1848 1100 1874 et
1126 1846 1264 1875 matrem
1294 1853 1390 1875 meos.

391 1903 452 1939 Vs.
482 1904 564 1939 235.

457 1968 538 2003 Iam
564 1971 631 2003 isla
657 1970 791 2016 quidem
816 1969 995 2016 absumpta
1018 1983 1071 2005 res
1095 1971 1178 2004 erit:
1204 1973 1267 2004 oet.

292 2032 464 2068 ‘Particula
491 2033 570 2081 jam
612 2033 677 2069 hoc
712 2033 787 2069 loco
813 2033 956 2081 ponitur
993 2047 1075 2081 pro:
1108 2046 1206 2077 mox,
1235 2036 1365 2079 statim,
1397 2035 1449 2072 Cf.

291 2096 361 2132 Cic.
376 2097 475 2133 Tusc.
490 2097 588 2144 Disp.
603 2097 655 2132 IV
670 2110 742 2145 cap.
760 2100 818 2133 24.
846 2098 993 2133 Remove
1004 2098 1292 2145 perturbationes:
1303 2099 1380 2146 jam
1403 2101 1450 2134 vi-

292 2161 455 2196 ciebantur
473 2168 625 2197 monstra
649 2163 775 2206 dicere,
798 2162 853 2197 Id.
877 2162 918 2197 de
940 2162 1042 2197 Finn.
1071 2161 1123 2196 IV
1136 2175 1208 2210 cap.
1227 2164 1290 2207 23,
1320 2163 1448 2207 Catuli,

291 2227 350 2273 qui
366 2226 444 2273 jam
469 2228 656 2275 despecturi
679 2233 773 2270 sunt,
800 2228 890 2262 caeci
908 2239 1028 2274 aeque,
1057 2233 1086 2263 et
1103 2228 1147 2271 iz',
1175 2231 1235 2276 qui
1249 2230 1348 2265 modo
1366 2232 1449 2265 nati.

292 2291 345 2326 Id.
365 2291 406 2327 de
426 2291 577 2339 Harusp.
599 2293 701 2340 Resp.
722 2305 795 2339 cap.
817 2293 874 2328 25.
911 2292 1064 2328 Tollatur
1090 2294 1169 2330 haec
1195 2308 1212 2330 e
1229 2296 1358 2330 civitate
1375 2297 1449 2330 dis-
