1752 2978
854 252 924 287 118

307 343 469 388 quoniam
508 356 557 377 vs,
594 344 688 377 1089
728 343 855 378 Tranio
884 343 1091 379 sententiam
1119 346 1215 377 s'uam
1242 342 1329 380 dicit
1356 342 1397 377 de
1423 342 1462 377 in

302 409 359 455 jus
398 408 551 443 vocando
590 407 748 451 Simone3
786 421 837 444 vs.
878 410 971 444 1090
1007 408 1110 444 dicit:
1155 407 1268 448 nmibi
1301 407 1462 444 hominem

306 472 425 516 cedo‚’'
452 473 576 520 quibus
603 474 773 520 significat
799 487 834 509 se
861 475 991 522 optime
1017 475 1102 510 scire
1121 473 1203 520 quid
1221 473 1374 509 facturus
1393 473 1460 517 sit,

305 539 334 573 si
362 538 429 573 sibi
455 539 548 573 Simo
575 538 731 573 tradatur
740 554 750 582 3
777 552 827 575 vs.
858 541 952 575 1091
973 539 1068 575 aliud
1089 539 1278 575 remedium
1296 538 1462 585 proponit

303 603 379 637 lit-is
405 603 678 650 componendae,
707 616 808 649 quem
830 604 958 640 idcirco
981 605 1100 640 statim
1121 617 1171 640 vs.
1192 605 1285 638 1090
1306 603 1462 650 excipere

305 668 427 704 debere
453 672 559 716 patet.
599 669 781 705 Praeterea
807 669 837 705 si
864 670 1050 706 collocetur
1076 673 1155 717 post
1181 682 1230 705 vs.
1248 670 1362 712 1092,
1390 682 1462 704 non

306 738 425 780 aptum
462 733 624 781 praebere
663 747 801 770 sensum
834 748 935 769 nemo
975 748 1046 770 non
1084 735 1210 770 videat.
1274 734 1334 769 Vs.
1364 735 1461 768 1093

308 799 452 834 homines
490 812 552 847 pro
592 799 727 847 vulgari
763 800 944 845 hominem,
978 800 1133 848 loquitur
1157 800 1248 836 enim
1276 799 1317 835 (le
1342 799 1463 842 servis,

310 864 435 912 plurali
466 877 621 901 numero.
675 865 776 910 Quod
813 865 940 901 attinet
964 866 1008 902 ad
1034 866 1166 901 dictum
1193 865 1366 910 mancupio
1386 878 1463 909 pos-

310 942 381 964 cere
417 930 525 973 aedis,
563 930 725 976 mancipio
765 930 865 974 dare,
905 930 1050 976 accipere
1088 931 1221 977 aliquid
1257 933 1308 965 est
1335 930 1468 965 tradere

310 995 445 1041 aliquid
480 995 586 1030 alicui
611 995 665 1030 vel
691 996 838 1041 accipere
863 997 903 1030 ab
928 996 1042 1042 aliquo
1067 997 1104 1031 in
1123 997 1373 1043 possessionem.
1413 994 1466 1029 Cf.

311 1060 424 1094 Plaut.
453 1059 552 1094 Cure.
571 1060 651 1094 IV:
680 1062 720 1094 2:
750 1062 770 1094 8
799 1072 848 1105 sq.
876 1060 972 1095 Trin.
999 1060 1057 1094 II:
1079 1062 1119 1096 4:
1139 1061 1197 1095 19.
1217 1060 1287 1095 Cic.
1307 1059 1349 1094 ad
1367 1059 1466 1094 Brut.

312 1124 402 1171 epist
429 1126 487 1160 16.
533 1125 636 1160 Ovid.
664 1138 705 1160 ex
730 1125 834 1160 Pont.
862 1125 931 1160 IV:
961 1127 1000 1159 5:
1030 1127 1075 1159 39
1102 1137 1153 1171 sq.

489 1217 1057 1225 ................
1084 1190 1190 1224 Jurat

513 1254 554 1289 Se
568 1255 656 1301 fore
682 1254 840 1300 mancipii
866 1259 992 1300 tempu-s·
1017 1254 1054 1289 iu
1079 1267 1172 1290 omne
1199 1254 1261 1290 tui.
1331 1273 1334 1276 ·

316 1319 406 1353 unde
423 1318 578 1364 sequitur
589 1331 725 1364 poscere
745 1319 841 1353 aedes
859 1319 1038 1363 mancipio,
1058 1319 1147 1354 nihil
1167 1318 1262 1353 aliud
1280 1318 1468 1364 significare

316 1383 384 1418 nisi
410 1382 584 1430 postulare
611 1386 651 1417 ut
677 1382 776 1418 aedes
795 1383 832 1418 in
850 1382 1102 1429 possessionem
1125 1382 1315 1418 tradantur.
1344 1383 1469 1417 Tranio

315 1447 439 1493 igitur,
469 1451 508 1482 ut
533 1461 567 1482 se
594 1451 749 1491 tueatur,
778 1447 899 1482 suadet
925 1451 965 1482 ut
992 1447 1208 1483 Philolaches
1232 1447 1406 1483 Simonem
1432 1448 1469 1483 in

311 1514 368 1560 jus
407 1516 506 1548 vocet
543 1516 577 1547 ct
616 1516 715 1560 cogat
748 1512 866 1556 aedem,
895 1516 1016 1560 utpote
1042 1513 1133 1548 bona
1157 1512 1223 1548 fide
1249 1517 1375 1557 emtas,
1403 1513 1469 1549 sibi

316 1578 440 1613 tradat.

414 1642 475 1678 Vs.
504 1643 612 1678 1094.

316 1709 382 1752 qu
421 1708 558 1742 iuterim
595 1720 689 1742 aram
728 1709 815 1742 lianc
855 1709 1023 1752 occupabo.
1076 1707 1142 1742 ΤΗ.
1183 1706 1276 1751 Quid
1305 1706 1382 1742 ita?
1406 1707 1472 1742 Tu..

413 1774 556 1809 Nullam
582 1786 650 1810 rem
675 1774 779 1820 sapis.

317 1842 421 1873 Aram
458 1840 544 1874 banc
579 1841 752 1885 occupabo:
793 1851 873 1874 nam
914 1838 951 1873 in
985 1839 1041 1885 jus
1081 1838 1159 1874 duci
1185 1842 1246 1874 aut
1271 1838 1375 1885 plecti
1402 1850 1472 1872 non

317 1907 476 1952 poterant
502 1904 560 1950 qui
587 1904 630 1940 ad
657 1917 731 1940 aras
758 1905 904 1950 fanaque
923 1904 1065 1939 deorum
1084 1904 1330 1950 confugissent.
1349 1903 1471 1938 Exem-

317 1970 374 2015 pla
413 1969 527 2005 Plaut.
568 1969 646 2005 Rud
682 1970 761 2005 III:
800 1973 840 2005 2:
877 1971 910 2004 8.
951 1970 1087 2004 Terent.
1114 1969 1242 2004 Heaut.
1267 1969 1320 2004 V:
1349 1971 1386 2003 2:
1414 1970 1471 2004 22.

318 2033 370 2069 Cf.
397 2034 545 2081 Scaliger
572 2035 663 2082 apud
690 2034 908 2070 Gronovium
935 2034 989 2069 ad.
1017 2034 1050 2070 h.
1078 2034 1102 2070 l.

418 2099 479 2134 Vs.
508 2101 616 2135 1096.

430 2164 497 2199 Hic
523 2178 598 2210 erqo
626 2165 685 2200 tibi
702 2165 915 2210 praesidebo,
944 2175 984 2199 nc
1011 2162 1189 2198 interbitat
1214 2163 1375 2210 quae-etio.

320 2229 518 2265 Praesidere
560 2230 731 2277 significat
769 2231 807 2265 in
839 2229 1013 2275 praesidio
1045 2229 1118 2264 sive
1143 2229 1181 2264 in
1206 2231 1357 2266 custodia
1388 2239 1475 2271 essej

322 2294 462 2330 verbum
489 2295 595 2342 igitur
621 2296 686 2331 hoc
712 2295 904 2342 significat:
935 2313 952 2335 η
966 2296 1083 2332 curabo
1111 2295 1170 2332 tibi
1196 2309 1236 2332 ne
1257 2296 1404 2343 quaestio
1423 2295 1474 2331 in-
