1752 2978
861 246 903 279 74

302 331 434 380 pletum
479 346 498 368 a
546 333 761 381 Ritschelio).
816 334 953 370 Ironice
1000 348 1117 370 servus
1163 336 1317 383 reponit:
1365 337 1457 376 JJBe-

302 402 382 433 atus
419 397 528 433 vero''
573 403 637 435 cet.
676 399 719 435 ad
757 399 849 445 quod
888 399 1023 435 danista
1060 399 1178 439 anihil
1199 400 1302 447 facio
1335 402 1457 445 alieni,

302 463 392 498 nihil
416 467 493 509 peto
520 463 588 499 nisi
613 465 702 511 quod
725 477 829 499 meum
855 463 935 500 eet”
965 465 1028 511 (VS.
1057 465 1153 511 588).
1205 465 1457 512 Theuropides,

302 528 361 573 qui
386 528 561 575 hucusque
586 529 676 564 nihil
701 529 742 564 de
768 542 887 565 eorum
914 529 1086 575 colloquio
1105 530 1339 573 intellexerat,
1369 543 1460 566 nunc

300 592 420 629 audito
447 594 587 630 nomine
618 594 682 630 filii
717 594 790 638 sui,
823 594 1000 642 aptissime
1035 606 1226 629 sermonem
1263 595 1460 642 interpellat

302 658 436 694 dicens:
466 678 484 699 n
499 659 590 697 Quid
627 659 679 694 ais
719 664 756 694 tu
766 658 806 693 ,φ’
843 664 877 694 et
916 659 1041 695 Tranio
1080 659 1124 695 ad
1161 672 1239 695 eum
1278 660 1460 695 accedens:

305 741 323 763 η
338 722 432 768 Quid
447 722 557 767 vi8?'’,
572 724 766 771 iterumque
783 724 1036 773 Theuropides:
1065 743 1083 765 u
1098 725 1181 763 Quis
1204 725 1280 760 illie
1304 724 1382 760 e8t”
1396 729 1459 760 eet.

304 790 366 835 (vs.
394 790 616 836 615-617).
669 790 795 825 Tranio
830 803 948 826 rursus
980 790 1022 826 ad
1056 790 1226 825 danistam
1260 803 1295 825 se
1321 802 1460 825 conver-

303 858 396 899 tens,
423 855 455 890 ei
481 855 685 903 persuadere
711 859 854 891 conatur
880 860 1011 904 patrem
1051 859 1231 903 argentum
1267 856 1321 891 illi
1348 856 1461 892 reddi-

303 924 422 956 turum
449 922 512 967 (vs.
536 922 760 968 611—613).
812 922 975 965 Danista,
998 921 1052 956 his
1077 933 1198 968 parum
1216 921 1295 956 fidei
1313 921 1461 965 liabens,

304 985 486 1021 exclamat:
504 985 701 1025 nDaturin'
727 985 837 1022 estis''
856 990 921 1022 cet.
950 987 1012 1032 (vs.
1037 988 1134 1032 604).
1163 986 1275 1031 Quem
1294 990 1334 1021 ut
1352 987 1463 1034 placet

303 1051 449 1095 Tranio,
481 1051 585 1087 dicit:
626 1052 738 1092 nVide
777 1065 856 1087 num
895 1050 1089 1095 moratur”,
1132 1056 1167 1087 et
1203 1052 1359 1096 danista,
1400 1052 1461 1098 qui

261 1122 264 1126 ”
303 1116 436 1152 diutius
463 1120 640 1164 expectare
658 1129 729 1151 non
747 1117 841 1160 vult,
862 1116 993 1163 profert
1014 1116 1133 1151 verba:
1170 1135 1188 1156 u
1202 1116 1295 1160 Quin
1310 1115 1462 1163 feram²²

303 1185 368 1216 cet.
396 1183 459 1227 (vs.
487 1182 584 1228 614).
630 1181 788 1227 Denique
809 1181 1062 1229 Theuropides,
1086 1181 1250 1227 quoniam
1268 1181 1395 1216 Tranio
1420 1181 1463 1216 ad

305 1240 541 1292 quaestionem
559 1246 714 1281 nondum
741 1246 980 1293 responderat,
1007 1245 1134 1281 iterum
1155 1258 1233 1281 eum
1253 1250 1368 1301 rogat,
1383 1246 1467 1293 quid

304 1311 351 1346 sit
377 1311 469 1346 illud
482 1312 634 1358 faenus,
669 1312 708 1347 de
740 1324 804 1358 quo
838 1312 997 1347 collocuti
1020 1315 1102 1346 sunt
1134 1311 1196 1357 (VS.
1234 1311 1336 1357 610):
1368 1311 1463 1346 dein-

306 1389 383 1424 ceps
410 1375 491 1411 inde
517 1389 537 1411 a
563 1389 612 1412 vs.
641 1377 712 1411 618
733 1376 849 1412 omnia
872 1376 968 1424 justo
993 1375 1114 1412 ordine
1140 1376 1343 1424 procedunt.
1380 1375 1465 1412 Post

306 1456 355 1478 vs.
378 1445 447 1477 586
466 1443 597 1488 aliquid
624 1443 789 1477 excidisse
811 1443 898 1477 hanc
925 1442 968 1477 ob
993 1455 1128 1477 causam
1155 1445 1286 1477 certum
1306 1442 1392 1477 mihi
1412 1442 1462 1476 vi-

305 1507 425 1550 detur,
455 1506 546 1553 quod
571 1510 651 1554 post
677 1507 788 1542 minas
814 1506 989 1550 danistae,
1018 1510 1053 1542 et
1079 1506 1352 1542 stimulationem
1382 1506 1462 1541 Tra-

304 1572 438 1616 monis,
477 1572 577 1607 illum
611 1572 721 1607 facere
765 1572 921 1618 oportuit
959 1571 1051 1617 quod
1094 1571 1318 1618 promiserat,
1361 1583 1463 1616 quare

305 1637 515 1673 Ritschelius
542 1637 719 1673 commode
746 1637 902 1672 lacunam
928 1636 1066 1684 supplet
1092 1637 1157 1671 hoc
1183 1636 1302 1671 modo:

421 1697 532 1746 Heus,
560 1704 791 1746 Philolaches,
819 1703 873 1738 exi
897 1703 1012 1746 intus,
1029 1704 1167 1750 faenus
1193 1703 1334 1738 reddito.

307 1769 374 1804 Pro
405 1770 493 1809 nboc
505 1771 600 1805 verbo
618 1769 721 1815 eripis
730 1768 751 1783 ’'
772 1770 835 1816 (vs.
857 1770 941 1815 591)
969 1769 1110 1804 Rostius
1127 1768 1268 1816 (Opusc.
1296 1767 1409 1802 Plaut.
1432 1767 1462 1801 l.

305 1847 382 1882 pag.
404 1836 473 1870 136
493 1836 557 1881 sq.)
577 1839 668 1870 recte
685 1834 859 1882 reposuit:
882 1835 970 1874 ahoe
983 1835 1115 1869 verbnm
1134 1832 1281 1879 eripis':
1309 1846 1388 1868 nam
1415 1833 1464 1867 ita

306 1900 444 1935 tollitur
479 1900 627 1935 mutatio
666 1899 819 1943 numeri,
858 1912 943 1945 quae
978 1899 1140 1947 explicari
1166 1898 1298 1944 nequit.
1351 1898 1464 1943 Eripit

304 1964 408 2000 habet
435 1964 518 2000 Cod.
546 1964 642 2012 Lips.
670 1968 705 2000 et
729 1964 823 2000 Edit.
852 1964 967 1999 Princ.

406 2030 466 2065 Vs.
495 2031 578 2065 593.

410 2096 500 2133 Quid
530 2096 581 2129 ais
607 2093 667 2129 tu?
692 2093 775 2128 tun'.

358 2161 468 2194 Acute
503 2159 714 2194 Ritschelius
749 2159 813 2194 hoc
845 2158 919 2193 loco
955 2171 1145 2205 pronomen
1181 2157 1338 2200 iteravit,
1374 2155 1463 2202 quod

310 2224 471 2258 convenit
509 2224 625 2258 animo
665 2222 937 2269 indignabundo.
988 2222 1040 2257 Cf.
1090 2222 1188 2269 Capt.
1225 2221 1281 2256 II:
1322 2222 1361 2255 3:
1406 2221 1464 2253 84.

311 2289 405 2324 Men.
433 2289 502 2324 IV:
535 2291 575 2324 2:
606 2291 671 2332 95,
700 2289 749 2323 V:
780 2290 815 2323 9:
848 2290 902 2324 17.
