<?xml version="1.0" encoding="UTF-8"?>
<!DOCTYPE html PUBLIC "-//W3C//DTD XHTML 1.0 Transitional//EN"
    "http://www.w3.org/TR/xhtml1/DTD/xhtml1-transitional.dtd">
<html xmlns="http://www.w3.org/1999/xhtml" xml:lang="en" lang="en">
 <head>
  <title>
</title>
<meta http-equiv="Content-Type" content="text/html;charset=utf-8" />
  <meta name='ocr-system' content='tesseract 3.04.00' />
  <meta name='ocr-capabilities' content='ocr_page ocr_carea ocr_par ocr_line ocrx_word'/>
</head>
<body>
  <div class='ocr_page' id='page_1' title='image "4737243_0073.png"; bbox 0 0 1752 2978; ppageno 0'>
   <div class='ocr_carea' id='block_1_1' title="bbox 883 328 925 361">
    <p class='ocr_par' dir='ltr' id='par_1_1' title="bbox 883 328 925 361">
     <span class='ocr_line' id='line_1_1' title="bbox 883 328 925 361; baseline 0 0"><span class='ocrx_word' id='word_1_1' title='bbox 883 328 925 361; x_wconf 89' lang='grc'><strong>61</strong></span> 
     </span>
    </p>
   </div>
   <div class='ocr_carea' id='block_1_2' title="bbox 326 416 1480 2279">
    <p class='ocr_par' dir='ltr' id='par_1_2' title="bbox 328 416 1476 915">
     <span class='ocr_line' id='line_1_2' title="bbox 330 416 1471 465; baseline -0.001 -14"><span class='ocrx_word' id='word_1_2' title='bbox 330 419 396 460; x_wconf 87' lang='lat' dir='ltr'><strong>est,</strong></span> <span class='ocrx_word' id='word_1_3' title='bbox 425 416 534 464; x_wconf 84' lang='lat' dir='ltr'><strong>capite</strong></span> <span class='ocrx_word' id='word_1_4' title='bbox 561 417 738 452; x_wconf 77' lang='lat' dir='ltr'><strong>violatoris</strong></span> <span class='ocrx_word' id='word_1_5' title='bbox 756 418 925 465; x_wconf 84' lang='lat' dir='ltr'><strong>expia-tur.</strong></span> <span class='ocrx_word' id='word_1_6' title='bbox 952 417 1074 463; x_wconf 83' lang='lat' dir='ltr'><strong>Itaque</strong></span> <span class='ocrx_word' id='word_1_7' title='bbox 1092 416 1223 463; x_wconf 85' lang='lat' dir='ltr'><strong>optime</strong></span> <span class='ocrx_word' id='word_1_8' title='bbox 1249 416 1318 451; x_wconf 82' lang='lat' dir='ltr'><strong>dici</strong></span> <span class='ocrx_word' id='word_1_9' title='bbox 1345 418 1471 463; x_wconf 82' lang='lat' dir='ltr'><strong>potest,</strong></span> 
     </span>
     <span class='ocr_line' id='line_1_3' title="bbox 328 480 1474 528; baseline 0 -13"><span class='ocrx_word' id='word_1_10' title='bbox 328 482 485 526; x_wconf 71' lang='lat' dir='ltr'><strong>capitalis</strong></span> <span class='ocrx_word' id='word_1_11' title='bbox 504 482 617 524; x_wconf 71' lang='lat' dir='ltr'><strong>aedes,</strong></span> <span class='ocrx_word' id='word_1_12' title='bbox 646 494 706 516; x_wconf 81' lang='lat' dir='ltr'><strong>nee</strong></span> <span class='ocrx_word' id='word_1_13' title='bbox 725 494 811 528; x_wconf 89' lang='lat' dir='ltr'><strong>opus</strong></span> <span class='ocrx_word' id='word_1_14' title='bbox 829 485 881 517; x_wconf 86' lang='lat' dir='ltr'><strong>est</strong></span> <span class='ocrx_word' id='word_1_15' title='bbox 898 481 1093 517; x_wconf 80' lang='lat' dir='ltr'><strong>recedamus</strong></span> <span class='ocrx_word' id='word_1_16' title='bbox 1115 493 1134 515; x_wconf 82' lang='lat' dir='ltr'><strong>a</strong></span> <span class='ocrx_word' id='word_1_17' title='bbox 1153 480 1301 515; x_wconf 87' lang='lat' dir='ltr'><strong>lectione</strong></span> <span class='ocrx_word' id='word_1_18' title='bbox 1324 480 1474 527; x_wconf 81' lang='lat' dir='ltr'><strong>vulgata.</strong></span> 
     </span>
     <span class='ocr_line' id='line_1_4' title="bbox 330 546 1473 592; baseline 0 -11"><span class='ocrx_word' id='word_1_19' title='bbox 330 546 423 582; x_wconf 86' lang='lat' dir='ltr'><strong>Hinc</strong></span> <span class='ocrx_word' id='word_1_20' title='bbox 449 548 605 592; x_wconf 82' lang='lat' dir='ltr'><strong>sequitur·</strong></span> <span class='ocrx_word' id='word_1_21' title='bbox 629 547 749 590; x_wconf 78' lang='lat' dir='ltr'><strong>etiarn,</strong></span> <span class='ocrx_word' id='word_1_22' title='bbox 777 547 811 582; x_wconf 91' lang='lat' dir='ltr'><strong>h.</strong></span> <span class='ocrx_word' id='word_1_23' title='bbox 829 547 853 582; x_wconf 91' lang='lat' dir='ltr'><strong>l.</strong></span> <span class='ocrx_word' id='word_1_24' title='bbox 880 547 993 590; x_wconf 74' lang='lat' dir='ltr'><strong>aedis,</strong></span> <span class='ocrx_word' id='word_1_25' title='bbox 1019 546 1091 581; x_wconf 88' lang='lat' dir='ltr'><strong>sive</strong></span> <span class='ocrx_word' id='word_1_26' title='bbox 1108 547 1206 582; x_wconf 77' lang='lat' dir='ltr'><strong>aedes</strong></span> <span class='ocrx_word' id='word_1_27' title='bbox 1223 546 1392 592; x_wconf 83' lang='lat' dir='ltr'><strong>singulari</strong></span> <span class='ocrx_word' id='word_1_28' title='bbox 1409 558 1473 581; x_wconf 92' lang='lat' dir='ltr'><strong>nu-</strong></span> 
     </span>
     <span class='ocr_line' id='line_1_5' title="bbox 330 610 1476 657; baseline 0 -11"><span class='ocrx_word' id='word_1_29' title='bbox 330 623 422 646; x_wconf 82' lang='lat' dir='ltr'><strong>mero</strong></span> <span class='ocrx_word' id='word_1_30' title='bbox 445 615 536 646; x_wconf 85' lang='lat' dir='ltr'><strong>reete</strong></span> <span class='ocrx_word' id='word_1_31' title='bbox 562 612 647 654; x_wconf 85' lang='lat' dir='ltr'><strong>dici,</strong></span> <span class='ocrx_word' id='word_1_32' title='bbox 676 611 767 657; x_wconf 89' lang='lat' dir='ltr'><strong>quod</strong></span> <span class='ocrx_word' id='word_1_33' title='bbox 793 623 828 646; x_wconf 89' lang='lat' dir='ltr'><strong>re</strong></span> <span class='ocrx_word' id='word_1_34' title='bbox 855 624 934 646; x_wconf 89' lang='lat' dir='ltr'><strong>vera</strong></span> <span class='ocrx_word' id='word_1_35' title='bbox 959 611 989 646; x_wconf 89' lang='lat' dir='ltr'><strong>is</strong></span> <span class='ocrx_word' id='word_1_36' title='bbox 1015 611 1127 654; x_wconf 85' lang='lat' dir='ltr'><strong>locus,</strong></span> <span class='ocrx_word' id='word_1_37' title='bbox 1155 610 1215 646; x_wconf 91' lang='lat' dir='ltr'><strong>ubi</strong></span> <span class='ocrx_word' id='word_1_38' title='bbox 1237 611 1369 646; x_wconf 86' lang='lat' dir='ltr'><strong>facinus</strong></span> <span class='ocrx_word' id='word_1_39' title='bbox 1388 611 1476 646; x_wconf 91' lang='lat' dir='ltr'><strong>illud</strong></span> 
     </span>
     <span class='ocr_line' id='line_1_6' title="bbox 328 676 1476 723; baseline 0 -12"><span class='ocrx_word' id='word_1_40' title='bbox 328 679 425 711; x_wconf 81' lang='lat' dir='ltr'><strong>atrox</strong></span> <span class='ocrx_word' id='word_1_41' title='bbox 451 679 684 723; x_wconf 87' lang='lat' dir='ltr'><strong>perpetratum</strong></span> <span class='ocrx_word' id='word_1_42' title='bbox 710 680 800 719; x_wconf 85' lang='lat' dir='ltr'><strong>erat,</strong></span> <span class='ocrx_word' id='word_1_43' title='bbox 828 688 919 711; x_wconf 84' lang='lat' dir='ltr'><strong>sacer</strong></span> <span class='ocrx_word' id='word_1_44' title='bbox 944 676 1054 711; x_wconf 82' lang='lat' dir='ltr'><strong>faetus</strong></span> <span class='ocrx_word' id='word_1_45' title='bbox 1076 679 1165 719; x_wconf 81' lang='lat' dir='ltr'><strong>erat,</strong></span> <span class='ocrx_word' id='word_1_46' title='bbox 1193 688 1259 723; x_wconf 92' lang='lat' dir='ltr'><strong>quo</strong></span> <span class='ocrx_word' id='word_1_47' title='bbox 1286 689 1388 712; x_wconf 87' lang='lat' dir='ltr'><strong>sensu</strong></span> <span class='ocrx_word' id='word_1_48' title='bbox 1405 677 1476 711; x_wconf 87' lang='lat' dir='ltr'><strong>fere</strong></span> 
     </span>
     <span class='ocr_line' id='line_1_7' title="bbox 329 740 1475 788; baseline 0.002 -14"><span class='ocrx_word' id='word_1_49' title='bbox 329 753 461 787; x_wconf 85' lang='lat' dir='ltr'><strong>semper</strong></span> <span class='ocrx_word' id='word_1_50' title='bbox 492 741 657 786; x_wconf 82' lang='lat' dir='ltr'>singulari</span> <span class='ocrx_word' id='word_1_51' title='bbox 689 752 832 775; x_wconf 91' lang='lat' dir='ltr'><strong>numero</strong></span> <span class='ocrx_word' id='word_1_52' title='bbox 860 743 1053 787; x_wconf 81' lang='lat' dir='ltr'><strong>usurpatur.</strong></span> <span class='ocrx_word' id='word_1_53' title='bbox 1105 740 1173 775; x_wconf 90' lang='lat' dir='ltr'><strong>Pro</strong></span> <span class='ocrx_word' id='word_1_54' title='bbox 1199 742 1298 776; x_wconf 87' lang='lat' dir='ltr'><strong>domo</strong></span> <span class='ocrx_word' id='word_1_55' title='bbox 1323 741 1475 788; x_wconf 83' lang='lat' dir='ltr'><strong>positum</strong></span> 
     </span>
     <span class='ocr_line' id='line_1_8' title="bbox 329 804 1474 851; baseline 0.001 -13"><span class='ocrx_word' id='word_1_56' title='bbox 329 804 504 840; x_wconf 88' lang='lat' dir='ltr'><strong>invenitur</strong></span> <span class='ocrx_word' id='word_1_57' title='bbox 542 804 648 839; x_wconf 85' lang='lat' dir='ltr'><strong>Poen.</strong></span> <span class='ocrx_word' id='word_1_58' title='bbox 676 804 752 839; x_wconf 81' lang='lat' dir='ltr'>III:</span> <span class='ocrx_word' id='word_1_59' title='bbox 781 805 821 839; x_wconf 88' lang='lat'><strong>1:</strong></span> <span class='ocrx_word' id='word_1_60' title='bbox 852 806 918 848; x_wconf 79' lang='lat'><strong>26;</strong></span> <span class='ocrx_word' id='word_1_61' title='bbox 945 817 1007 851; x_wconf 88' lang='lat' dir='ltr'><strong>pro</strong></span> <span class='ocrx_word' id='word_1_62' title='bbox 1034 804 1114 839; x_wconf 82' lang='lat' dir='ltr'><em>villa</em></span> <span class='ocrx_word' id='word_1_63' title='bbox 1139 804 1259 841; x_wconf 86' lang='lat' dir='ltr'><strong>Varro.</strong></span> <span class='ocrx_word' id='word_1_64' title='bbox 1286 804 1327 841; x_wconf 89' lang='lat' dir='ltr'><strong>L.</strong></span> <span class='ocrx_word' id='word_1_65' title='bbox 1346 804 1387 841; x_wconf 90' lang='lat' dir='ltr'><strong>L.</strong></span> <span class='ocrx_word' id='word_1_66' title='bbox 1406 805 1474 848; x_wconf 89' lang='lat' dir='ltr'><strong>IV,</strong></span> 
     </span>
     <span class='ocr_line' id='line_1_9' title="bbox 329 869 1062 915; baseline 0 -12"><span class='ocrx_word' id='word_1_67' title='bbox 329 881 402 915; x_wconf 86' lang='lat' dir='ltr'><strong>cap.</strong></span> <span class='ocrx_word' id='word_1_68' title='bbox 430 869 489 903; x_wconf 83' lang='lat'><strong>33.</strong></span> <span class='ocrx_word' id='word_1_69' title='bbox 942 885 945 887; x_wconf 89' lang='lat'>·</span> <span class='ocrx_word' id='word_1_70' title='bbox 1059 879 1062 882; x_wconf 85' lang='lat'>·</span> 
     </span>
    </p>

    <p class='ocr_par' dir='ltr' id='par_1_3' title="bbox 427 931 663 978">
     <span class='ocr_line' id='line_1_10' title="bbox 427 931 663 978; baseline 0.004 -12"><span class='ocrx_word' id='word_1_71' title='bbox 427 931 487 967; x_wconf 87' lang='lat' dir='ltr'><strong>Vs.</strong></span> <span class='ocrx_word' id='word_1_72' title='bbox 514 932 585 967; x_wconf 84' lang='lat'><strong>476</strong></span> <span class='ocrx_word' id='word_1_73' title='bbox 614 944 663 978; x_wconf 88' lang='lat' dir='ltr'><strong>sq.</strong></span> 
     </span>
    </p>

    <p class='ocr_par' dir='ltr' id='par_1_4' title="bbox 328 997 1477 1433">
     <span class='ocr_line' id='line_1_11' title="bbox 353 997 1428 1044; baseline 0.001 -13"><span class='ocrx_word' id='word_1_74' title='bbox 353 997 467 1031; x_wconf 73' lang='lat' dir='ltr'><strong>Scelus</strong></span> <span class='ocrx_word' id='word_1_75' title='bbox 475 1024 485 1039; x_wconf 91' lang='lat'><em>‚</em></span> <span class='ocrx_word' id='word_1_76' title='bbox 512 997 668 1043; x_wconf 80' lang='lat' dir='ltr'><strong>inquam,</strong></span> <span class='ocrx_word' id='word_1_77' title='bbox 685 998 862 1044; x_wconf 73' lang='lat' dir='ltr'><em>factumst</em></span> <span class='ocrx_word' id='word_1_78' title='bbox 887 998 953 1032; x_wconf 85' lang='lat' dir='ltr'><strong>iam</strong></span> <span class='ocrx_word' id='word_1_79' title='bbox 979 998 1037 1032; x_wconf 76' lang='lat' dir='ltr'><strong>diu</strong></span> <span class='ocrx_word' id='word_1_80' title='bbox 1062 998 1232 1043; x_wconf 66' lang='lat' dir='ltr'><strong>antiquom</strong></span> <span class='ocrx_word' id='word_1_81' title='bbox 1258 1002 1291 1032; x_wconf 78' lang='lat' dir='ltr'><strong>et</strong></span> <span class='ocrx_word' id='word_1_82' title='bbox 1316 1003 1428 1040; x_wconf 66' lang='lat' dir='ltr'><strong>velus,</strong></span> 
     </span>
     <span class='ocr_line' id='line_1_12' title="bbox 356 1062 1315 1110; baseline 0.002 -14"><span class='ocrx_word' id='word_1_83' title='bbox 356 1062 567 1109; x_wconf 63' lang='lat' dir='ltr'><strong>[Caputaloe]</strong></span> <span class='ocrx_word' id='word_1_84' title='bbox 597 1062 635 1097; x_wconf 78' lang='lat' dir='ltr'><strong>id</strong></span> <span class='ocrx_word' id='word_1_85' title='bbox 657 1062 737 1097; x_wconf 80' lang='lat' dir='ltr'><strong>adeo</strong></span> <span class='ocrx_word' id='word_1_86' title='bbox 763 1075 822 1097; x_wconf 72' lang='lat' dir='ltr'><strong>noe</strong></span> <span class='ocrx_word' id='word_1_87' title='bbox 847 1075 937 1097; x_wconf 79' lang='lat' dir='ltr'><strong>nune</strong></span> <span class='ocrx_word' id='word_1_88' title='bbox 948 1063 1092 1110; x_wconf 80' lang='lat' dir='ltr'><em>factum</em></span> <span class='ocrx_word' id='word_1_89' title='bbox 1117 1063 1315 1098; x_wconf 72' lang='lat' dir='ltr'><strong>invenimus.</strong></span> 
     </span>
     <span class='ocr_line' id='line_1_13' title="bbox 329 1126 1475 1173; baseline 0 -12"><span class='ocrx_word' id='word_1_90' title='bbox 329 1128 511 1173; x_wconf 70' lang='lat' dir='ltr'><strong>Antiquam</strong></span> <span class='ocrx_word' id='word_1_91' title='bbox 537 1130 572 1161; x_wconf 85' lang='lat' dir='ltr'><strong>et</strong></span> <span class='ocrx_word' id='word_1_92' title='bbox 597 1131 690 1162; x_wconf 71' lang='lat' dir='ltr'><strong>vetus</strong></span> <span class='ocrx_word' id='word_1_93' title='bbox 714 1127 763 1162; x_wconf 89' lang='lat' dir='ltr'><strong>sic</strong></span> <span class='ocrx_word' id='word_1_94' title='bbox 789 1126 969 1170; x_wconf 87' lang='lat' dir='ltr'><strong>differunt,</strong></span> <span class='ocrx_word' id='word_1_95' title='bbox 998 1132 1036 1163; x_wconf 87' lang='lat' dir='ltr'><strong>ut</strong></span> <span class='ocrx_word' id='word_1_96' title='bbox 1062 1128 1149 1163; x_wconf 89' lang='lat' dir='ltr'><strong>illud</strong></span> <span class='ocrx_word' id='word_1_97' title='bbox 1167 1128 1308 1162; x_wconf 80' lang='lat' dir='ltr'><strong>denotet</strong></span> <span class='ocrx_word' id='word_1_98' title='bbox 1326 1127 1475 1172; x_wconf 83' lang='lat' dir='ltr'><strong>aliquid,</strong></span> 
     </span>
     <span class='ocr_line' id='line_1_14' title="bbox 329 1191 1477 1238; baseline 0.001 -12"><span class='ocrx_word' id='word_1_99' title='bbox 329 1191 419 1237; x_wconf 89' lang='lat' dir='ltr'><strong>quod</strong></span> <span class='ocrx_word' id='word_1_100' title='bbox 447 1194 527 1226; x_wconf 87' lang='lat' dir='ltr'><strong>ante</strong></span> <span class='ocrx_word' id='word_1_101' title='bbox 560 1191 645 1234; x_wconf 74' lang='lat' dir='ltr'><strong>fuit,</strong></span> <span class='ocrx_word' id='word_1_102' title='bbox 685 1204 748 1226; x_wconf 90' lang='lat' dir='ltr'><strong>nee</strong></span> <span class='ocrx_word' id='word_1_103' title='bbox 785 1191 931 1238; x_wconf 85' lang='lat' dir='ltr'><strong>amplius</strong></span> <span class='ocrx_word' id='word_1_104' title='bbox 969 1195 1094 1236; x_wconf 81' lang='lat' dir='ltr'><strong>exstat,</strong></span> <span class='ocrx_word' id='word_1_105' title='bbox 1127 1192 1191 1227; x_wconf 87' lang='lat' dir='ltr'><strong>hoc</strong></span> <span class='ocrx_word' id='word_1_106' title='bbox 1217 1192 1386 1238; x_wconf 86' lang='lat' dir='ltr'><strong>significet</strong></span> <span class='ocrx_word' id='word_1_107' title='bbox 1412 1192 1477 1227; x_wconf 85' lang='lat' dir='ltr'><strong>ali-</strong></span> 
     </span>
     <span class='ocr_line' id='line_1_15' title="bbox 329 1256 1476 1303; baseline 0 -12"><span class='ocrx_word' id='word_1_108' title='bbox 329 1256 411 1302; x_wconf 89' lang='lat' dir='ltr'><strong>quid</strong></span> <span class='ocrx_word' id='word_1_109' title='bbox 436 1256 527 1302; x_wconf 85' lang='lat' dir='ltr'><strong>quod</strong></span> <span class='ocrx_word' id='word_1_110' title='bbox 552 1269 612 1303; x_wconf 82' lang='lat' dir='ltr'><strong>per</strong></span> <span class='ocrx_word' id='word_1_111' title='bbox 637 1256 779 1303; x_wconf 87' lang='lat' dir='ltr'><strong>longum</strong></span> <span class='ocrx_word' id='word_1_112' title='bbox 805 1260 938 1303; x_wconf 87' lang='lat' dir='ltr'><strong>tempus</strong></span> <span class='ocrx_word' id='word_1_113' title='bbox 965 1257 1111 1293; x_wconf 85' lang='lat' dir='ltr'><strong>exstitit.</strong></span> <span class='ocrx_word' id='word_1_114' title='bbox 1143 1258 1234 1303; x_wconf 88' lang='lat' dir='ltr'><strong>Ergo</strong></span> <span class='ocrx_word' id='word_1_115' title='bbox 1253 1257 1398 1292; x_wconf 87' lang='lat' dir='ltr'><strong>Plautus</strong></span> <span class='ocrx_word' id='word_1_116' title='bbox 1424 1257 1476 1291; x_wconf 83' lang='lat' dir='ltr'><strong>di-</strong></span> 
     </span>
     <span class='ocr_line' id='line_1_16' title="bbox 328 1320 1477 1369; baseline 0 -14"><span class='ocrx_word' id='word_1_117' title='bbox 328 1321 394 1356; x_wconf 88' lang='lat' dir='ltr'><strong>cit:</strong></span> <span class='ocrx_word' id='word_1_118' title='bbox 436 1339 454 1361; x_wconf 73' lang='grc' dir='ltr'><em>η</em></span> <span class='ocrx_word' id='word_1_119' title='bbox 466 1321 643 1368; x_wconf 77' lang='lat' dir='ltr'><strong>antiquum</strong></span> <span class='ocrx_word' id='word_1_120' title='bbox 681 1320 831 1366; x_wconf 75' lang='lat' dir='ltr'><strong>seelu3”‚</strong></span> <span class='ocrx_word' id='word_1_121' title='bbox 869 1322 1032 1368; x_wconf 86' lang='lat' dir='ltr'><strong>quoniam</strong></span> <span class='ocrx_word' id='word_1_122' title='bbox 1066 1322 1138 1369; x_wconf 85' lang='lat' dir='ltr'><strong>jam</strong></span> <span class='ocrx_word' id='word_1_123' title='bbox 1176 1321 1309 1369; x_wconf 86' lang='lat' dir='ltr'><strong>pridem</strong></span> <span class='ocrx_word' id='word_1_124' title='bbox 1348 1320 1477 1356; x_wconf 84' lang='lat' dir='ltr'><strong>factum</strong></span> 
     </span>
     <span class='ocr_line' id='line_1_17' title="bbox 328 1386 1275 1433; baseline 0 -12"><span class='ocrx_word' id='word_1_125' title='bbox 328 1389 419 1430; x_wconf 87' lang='lat' dir='ltr'><strong>erat,</strong></span> <span class='ocrx_word' id='word_1_126' title='bbox 444 1390 557 1430; x_wconf 71' lang='lat' dir='ltr'><strong>vetus,</strong></span> <span class='ocrx_word' id='word_1_127' title='bbox 582 1387 679 1433; x_wconf 84' lang='lat' dir='ltr'><strong>cujus</strong></span> <span class='ocrx_word' id='word_1_128' title='bbox 706 1386 851 1433; x_wconf 85' lang='lat' dir='ltr'><strong>vestigia</strong></span> <span class='ocrx_word' id='word_1_129' title='bbox 877 1387 1030 1422; x_wconf 90' lang='lat' dir='ltr'><strong>nondum</strong></span> <span class='ocrx_word' id='word_1_130' title='bbox 1056 1390 1275 1421; x_wconf 79' lang='lat' dir='ltr'><strong>evanuerant.</strong></span> 
     </span>
    </p>

    <p class='ocr_par' dir='ltr' id='par_1_5' title="bbox 326 1451 1480 1888">
     <span class='ocr_line' id='line_1_18' title="bbox 426 1451 1480 1500; baseline 0 -14"><span class='ocrx_word' id='word_1_131' title='bbox 426 1451 487 1487; x_wconf 89' lang='lat' dir='ltr'><strong>Vs.</strong></span> <span class='ocrx_word' id='word_1_132' title='bbox 514 1452 584 1488; x_wconf 82' lang='lat'><strong>477</strong></span> <span class='ocrx_word' id='word_1_133' title='bbox 612 1464 674 1499; x_wconf 88' lang='lat' dir='ltr'><strong>pro</strong></span> <span class='ocrx_word' id='word_1_134' title='bbox 705 1451 915 1498; x_wconf 49' lang='lat' dir='ltr'><strong>&#39;‘casamala&#39;’</strong></span> <span class='ocrx_word' id='word_1_135' title='bbox 943 1452 980 1487; x_wconf 88' lang='lat' dir='ltr'><strong>in</strong></span> <span class='ocrx_word' id='word_1_136' title='bbox 1005 1451 1166 1500; x_wconf 86' lang='lat' dir='ltr'><strong>plurimis</strong></span> <span class='ocrx_word' id='word_1_137' title='bbox 1195 1451 1407 1487; x_wconf 74' lang='lat' dir='ltr'><strong>editionibus</strong></span> <span class='ocrx_word' id='word_1_138' title='bbox 1432 1451 1480 1487; x_wconf 93' lang='lat' dir='ltr'><strong>le-</strong></span> 
     </span>
     <span class='ocr_line' id='line_1_19' title="bbox 327 1515 1480 1564; baseline -0.001 -12"><span class='ocrx_word' id='word_1_139' title='bbox 327 1517 438 1563; x_wconf 80' lang='lat' dir='ltr'><strong>gitur:</strong></span> <span class='ocrx_word' id='word_1_140' title='bbox 481 1515 746 1564; x_wconf 71' lang='lat' dir='ltr'><strong>JsAntiquom?&#39;&#39;</strong></span> <span class='ocrx_word' id='word_1_141' title='bbox 773 1517 866 1563; x_wconf 85' lang='lat' dir='ltr'><strong>quod</strong></span> <span class='ocrx_word' id='word_1_142' title='bbox 891 1517 1059 1553; x_wconf 85' lang='lat' dir='ltr'><strong>tribuitur</strong></span> <span class='ocrx_word' id='word_1_143' title='bbox 1084 1517 1309 1564; x_wconf 87' lang='lat' dir='ltr'><strong>Theuropidi.</strong></span> <span class='ocrx_word' id='word_1_144' title='bbox 1352 1516 1480 1552; x_wconf 88' lang='lat' dir='ltr'><strong>Melius</strong></span> 
     </span>
     <span class='ocr_line' id='line_1_20' title="bbox 328 1581 1479 1629; baseline -0.001 -12"><span class='ocrx_word' id='word_1_145' title='bbox 328 1586 442 1617; x_wconf 83' lang='lat' dir='ltr'><strong>tamen</strong></span> <span class='ocrx_word' id='word_1_146' title='bbox 475 1582 612 1617; x_wconf 87' lang='lat' dir='ltr'><strong>videtur</strong></span> <span class='ocrx_word' id='word_1_147' title='bbox 643 1595 719 1617; x_wconf 83' lang='lat' dir='ltr'><strong>cum</strong></span> <span class='ocrx_word' id='word_1_148' title='bbox 758 1582 946 1617; x_wconf 82' lang='lat' dir='ltr'><strong>Ritschelio</strong></span> <span class='ocrx_word' id='word_1_149' title='bbox 975 1581 1087 1629; x_wconf 85' lang='lat' dir='ltr'><strong>legere</strong></span> <span class='ocrx_word' id='word_1_150' title='bbox 1112 1582 1284 1627; x_wconf 75' lang='lat' dir='ltr'><strong>eaputale,</strong></span> <span class='ocrx_word' id='word_1_151' title='bbox 1317 1581 1479 1628; x_wconf 85' lang='lat' dir='ltr'><strong>quoniam</strong></span> 
     </span>
     <span class='ocr_line' id='line_1_21' title="bbox 327 1647 1477 1694; baseline 0 -13"><span class='ocrx_word' id='word_1_152' title='bbox 327 1651 361 1681; x_wconf 87' lang='lat' dir='ltr'><strong>et</strong></span> <span class='ocrx_word' id='word_1_153' title='bbox 398 1647 558 1694; x_wconf 79' lang='lat' dir='ltr'><strong>repetitio</strong></span> <span class='ocrx_word' id='word_1_154' title='bbox 586 1648 681 1683; x_wconf 84' lang='lat' dir='ltr'><strong>verbi</strong></span> <span class='ocrx_word' id='word_1_155' title='bbox 707 1648 878 1694; x_wconf 78' lang='lat' dir='ltr'><strong>antiquom</strong></span> <span class='ocrx_word' id='word_1_156' title='bbox 904 1660 923 1682; x_wconf 85' lang='lat' dir='ltr'><strong>e</strong></span> <span class='ocrx_word' id='word_1_157' title='bbox 949 1647 1124 1694; x_wconf 87' lang='lat' dir='ltr'><strong>superiore</strong></span> <span class='ocrx_word' id='word_1_158' title='bbox 1149 1660 1251 1683; x_wconf 89' lang='lat' dir='ltr'><strong>versu</strong></span> <span class='ocrx_word' id='word_1_159' title='bbox 1274 1647 1379 1682; x_wconf 88' lang='lat' dir='ltr'><strong>nimis</strong></span> <span class='ocrx_word' id='word_1_160' title='bbox 1405 1647 1477 1682; x_wconf 86' lang='lat' dir='ltr'><strong>lan-</strong></span> 
     </span>
     <span class='ocr_line' id='line_1_22' title="bbox 326 1712 1480 1760; baseline 0.001 -14"><span class='ocrx_word' id='word_1_161' title='bbox 326 1716 426 1758; x_wconf 86' lang='lat' dir='ltr'><strong>guet,</strong></span> <span class='ocrx_word' id='word_1_162' title='bbox 475 1715 510 1746; x_wconf 83' lang='lat' dir='ltr'><strong>et</strong></span> <span class='ocrx_word' id='word_1_163' title='bbox 554 1712 642 1746; x_wconf 77' lang='lat' dir='ltr'><strong>illud</strong></span> <span class='ocrx_word' id='word_1_164' title='bbox 675 1712 791 1748; x_wconf 89' lang='lat' dir='ltr'><strong>sensui</strong></span> <span class='ocrx_word' id='word_1_165' title='bbox 830 1712 939 1758; x_wconf 85' lang='lat' dir='ltr'><strong>magis</strong></span> <span class='ocrx_word' id='word_1_166' title='bbox 975 1712 1154 1756; x_wconf 84' lang='lat' dir='ltr'><strong>convenit,</strong></span> <span class='ocrx_word' id='word_1_167' title='bbox 1188 1725 1254 1758; x_wconf 94' lang='lat' dir='ltr'><strong>quo</strong></span> <span class='ocrx_word' id='word_1_168' title='bbox 1290 1713 1480 1760; x_wconf 82' lang='lat' dir='ltr'><strong>explicatur</strong></span> 
     </span>
     <span class='ocr_line' id='line_1_23' title="bbox 327 1777 1478 1823; baseline 0 -12"><span class='ocrx_word' id='word_1_169' title='bbox 327 1789 429 1822; x_wconf 83' lang='lat' dir='ltr'><strong>quare</strong></span> <span class='ocrx_word' id='word_1_170' title='bbox 467 1777 588 1812; x_wconf 89' lang='lat' dir='ltr'><strong>domus</strong></span> <span class='ocrx_word' id='word_1_171' title='bbox 626 1777 782 1823; x_wconf 86' lang='lat' dir='ltr'><strong>capitalis</strong></span> <span class='ocrx_word' id='word_1_172' title='bbox 816 1777 906 1811; x_wconf 82' lang='lat' dir='ltr'><strong>facta</strong></span> <span class='ocrx_word' id='word_1_173' title='bbox 932 1777 979 1811; x_wconf 86' lang='lat' dir='ltr'><strong>sit</strong></span> <span class='ocrx_word' id='word_1_174' title='bbox 987 1792 997 1820; x_wconf 82' lang='lat'><em>3</em></span> <span class='ocrx_word' id='word_1_175' title='bbox 1030 1777 1123 1822; x_wconf 87' lang='lat' dir='ltr'><strong>quod</strong></span> <span class='ocrx_word' id='word_1_176' title='bbox 1148 1777 1381 1823; x_wconf 83' lang='lat' dir='ltr'><strong>Theuropides</strong></span> <span class='ocrx_word' id='word_1_177' title='bbox 1408 1790 1478 1812; x_wconf 83' lang='lat' dir='ltr'><strong>non</strong></span> 
     </span>
     <span class='ocr_line' id='line_1_24' title="bbox 327 1840 1413 1888; baseline 0.001 -13"><span class='ocrx_word' id='word_1_178' title='bbox 327 1841 541 1876; x_wconf 86' lang='lat' dir='ltr'><strong>intellexerat</strong></span> <span class='ocrx_word' id='word_1_179' title='bbox 569 1842 631 1887; x_wconf 80' lang='lat' dir='ltr'><strong>(vs,</strong></span> <span class='ocrx_word' id='word_1_180' title='bbox 658 1842 764 1887; x_wconf 49' lang='lat'><strong>475„</strong></span> <span class='ocrx_word' id='word_1_181' title='bbox 792 1840 957 1876; x_wconf 82' lang='lat' dir='ltr'><strong>Tranioni</strong></span> <span class='ocrx_word' id='word_1_182' title='bbox 981 1841 1090 1888; x_wconf 87' lang='lat' dir='ltr'><strong>igitur</strong></span> <span class='ocrx_word' id='word_1_183' title='bbox 1116 1841 1151 1876; x_wconf 90' lang='lat' dir='ltr'><strong>id</strong></span> <span class='ocrx_word' id='word_1_184' title='bbox 1179 1841 1413 1876; x_wconf 83' lang='lat' dir='ltr'><strong>tribuendum.</strong></span> 
     </span>
    </p>

    <p class='ocr_par' dir='ltr' id='par_1_6' title="bbox 327 1905 1477 2148">
     <span class='ocr_line' id='line_1_25' title="bbox 425 1905 1476 1952; baseline 0 -11"><span class='ocrx_word' id='word_1_185' title='bbox 425 1905 516 1941; x_wconf 89' lang='lat' dir='ltr'><strong>Ibid.</strong></span> <span class='ocrx_word' id='word_1_186' title='bbox 544 1907 622 1941; x_wconf 85' lang='lat' dir='ltr'><strong>adeo</strong></span> <span class='ocrx_word' id='word_1_187' title='bbox 649 1918 756 1948; x_wconf 68' lang='lat' dir='ltr'><strong>mene,-</strong></span> <span class='ocrx_word' id='word_1_188' title='bbox 782 1906 862 1942; x_wconf 83' lang='lat' dir='ltr'><strong>adeo</strong></span> <span class='ocrx_word' id='word_1_189' title='bbox 880 1906 944 1941; x_wconf 85' lang='lat' dir='ltr'><strong>hoc</strong></span> <span class='ocrx_word' id='word_1_190' title='bbox 960 1905 1036 1941; x_wconf 85' lang='lat' dir='ltr'><strong>loeo</strong></span> <span class='ocrx_word' id='word_1_191' title='bbox 1054 1905 1147 1940; x_wconf 88' lang='lat' dir='ltr'><strong>idem</strong></span> <span class='ocrx_word' id='word_1_192' title='bbox 1165 1905 1354 1952; x_wconf 85' lang='lat' dir='ltr'><strong>signifieat,</strong></span> <span class='ocrx_word' id='word_1_193' title='bbox 1383 1906 1476 1952; x_wconf 89' lang='lat' dir='ltr'><strong>quod</strong></span> 
     </span>
     <span class='ocr_line' id='line_1_26' title="bbox 327 1968 1477 2018; baseline 0 -11"><span class='ocrx_word' id='word_1_194' title='bbox 327 1972 494 2007; x_wconf 86' lang='lat' dir='ltr'><strong>Graecum</strong></span> <span class='ocrx_word' id='word_1_195' title='bbox 524 1968 577 2017; x_wconf 78' lang='grc' dir='ltr'><strong>γέ,</strong></span> <span class='ocrx_word' id='word_1_196' title='bbox 603 1984 670 2018; x_wconf 90' lang='lat' dir='ltr'><strong>quo</strong></span> <span class='ocrx_word' id='word_1_197' title='bbox 696 1971 862 2007; x_wconf 88' lang='lat' dir='ltr'><strong>nimirum</strong></span> <span class='ocrx_word' id='word_1_198' title='bbox 887 1970 937 2006; x_wconf 87' lang='lat' dir='ltr'><strong>rei</strong></span> <span class='ocrx_word' id='word_1_199' title='bbox 965 1970 1101 2006; x_wconf 90' lang='lat' dir='ltr'><strong>cuidam</strong></span> <span class='ocrx_word' id='word_1_200' title='bbox 1127 1970 1180 2005; x_wconf 86' lang='lat' dir='ltr'><strong>vel</strong></span> <span class='ocrx_word' id='word_1_201' title='bbox 1207 1971 1282 2018; x_wconf 85' lang='lat' dir='ltr'><strong>ejus</strong></span> <span class='ocrx_word' id='word_1_202' title='bbox 1308 1971 1477 2007; x_wconf 84' lang='lat' dir='ltr'><strong>attributo</strong></span> 
     </span>
     <span class='ocr_line' id='line_1_27' title="bbox 328 2032 1476 2089; baseline -0.001 -16"><span class='ocrx_word' id='word_1_203' title='bbox 328 2038 436 2085; x_wconf 86' lang='lat' dir='ltr'><strong>major</strong></span> <span class='ocrx_word' id='word_1_204' title='bbox 476 2037 529 2073; x_wconf 87' lang='lat' dir='ltr'><strong>vis</strong></span> <span class='ocrx_word' id='word_1_205' title='bbox 565 2037 735 2089; x_wconf 61' lang='lat' dir='ltr'><strong>addit-umx</strong></span> <span class='ocrx_word' id='word_1_206' title='bbox 755 2040 794 2072; x_wconf 88' lang='lat' dir='ltr'><strong>ut</strong></span> <span class='ocrx_word' id='word_1_207' title='bbox 832 2036 868 2072; x_wconf 88' lang='lat' dir='ltr'><strong>in</strong></span> <span class='ocrx_word' id='word_1_208' title='bbox 908 2033 1025 2081; x_wconf 75' lang='grc' dir='ltr'><em>ἔγωγε,</em></span> <span class='ocrx_word' id='word_1_209' title='bbox 1050 2032 1150 2077; x_wconf 72' lang='grc' dir='ltr'><em>αὐτός</em></span> <span class='ocrx_word' id='word_1_210' title='bbox 1172 2049 1223 2081; x_wconf 75' lang='grc' dir='ltr'><strong>γε,</strong></span> <span class='ocrx_word' id='word_1_211' title='bbox 1252 2037 1308 2070; x_wconf 81' lang='grc' dir='ltr'><strong>νῦν</strong></span> <span class='ocrx_word' id='word_1_212' title='bbox 1334 2049 1386 2081; x_wconf 81' lang='grc' dir='ltr'><strong>γε,</strong></span> <span class='ocrx_word' id='word_1_213' title='bbox 1412 2042 1476 2073; x_wconf 81' lang='lat' dir='ltr'><strong>cet.</strong></span> 
     </span>
     <span class='ocr_line' id='line_1_28' title="bbox 327 2101 1179 2148; baseline -0.001 -11"><span class='ocrx_word' id='word_1_214' title='bbox 327 2102 546 2138; x_wconf 84' lang='lat' dir='ltr'><strong>Germanice:</strong></span> <span class='ocrx_word' id='word_1_215' title='bbox 569 2103 708 2148; x_wconf 68' lang='lat' dir='ltr'><strong>qerade‚</strong></span> <span class='ocrx_word' id='word_1_216' title='bbox 736 2102 833 2144; x_wconf 64' lang='lat' dir='ltr'><strong>ehem</strong></span> <span class='ocrx_word' id='word_1_217' title='bbox 861 2101 1056 2145; x_wconf 86' lang='lat' dir='ltr'><strong>vernacule,</strong></span> <span class='ocrx_word' id='word_1_218' title='bbox 1074 2101 1179 2148; x_wconf 71' lang='lat' dir='ltr'><strong>juiet.</strong></span> 
     </span>
    </p>

    <p class='ocr_par' dir='ltr' id='par_1_7' title="bbox 425 2167 597 2203">
     <span class='ocr_line' id='line_1_29' title="bbox 425 2167 597 2203; baseline 0.012 -2"><span class='ocrx_word' id='word_1_219' title='bbox 425 2167 485 2203; x_wconf 88' lang='lat' dir='ltr'><strong>Vs.</strong></span> <span class='ocrx_word' id='word_1_220' title='bbox 513 2169 597 2203; x_wconf 82' lang='lat'>488.</span> 
     </span>
    </p>

    <p class='ocr_par' dir='ltr' id='par_1_8' title="bbox 498 2232 1306 2279">
     <span class='ocr_line' id='line_1_30' title="bbox 498 2232 1306 2279; baseline 0 -12"><span class='ocrx_word' id='word_1_221' title='bbox 498 2235 609 2279; x_wconf 70' lang='lat' dir='ltr'><strong>Atque</strong></span> <span class='ocrx_word' id='word_1_222' title='bbox 634 2233 695 2267; x_wconf 75' lang='lat' dir='ltr'><strong>ille</strong></span> <span class='ocrx_word' id='word_1_223' title='bbox 719 2232 883 2267; x_wconf 69' lang='lat' dir='ltr'><strong>exclamat</strong></span> <span class='ocrx_word' id='word_1_224' title='bbox 908 2232 1083 2277; x_wconf 76' lang='lat' dir='ltr'><strong>derepente</strong></span> <span class='ocrx_word' id='word_1_225' title='bbox 1108 2244 1306 2267; x_wconf 72' lang='lat' dir='ltr'><em>maxumum.</em></span> 
     </span>
    </p>
   </div>
   <div class='ocr_carea' id='block_1_3' title="bbox 328 2296 1477 2409">
    <p class='ocr_par' dir='ltr' id='par_1_9' title="bbox 328 2296 1477 2409">
     <span class='ocr_line' id='line_1_31' title="bbox 328 2296 1477 2345; baseline 0 -12"><span class='ocrx_word' id='word_1_226' title='bbox 328 2298 502 2333; x_wconf 82' lang='lat' dir='ltr'><strong>Particula</strong></span> <span class='ocrx_word' id='word_1_227' title='bbox 526 2302 628 2344; x_wconf 69' lang='lat' dir='ltr'><strong>atque</strong></span> <span class='ocrx_word' id='word_1_228' title='bbox 654 2297 825 2333; x_wconf 81' lang='lat' dir='ltr'><strong>indicatur</strong></span> <span class='ocrx_word' id='word_1_229' title='bbox 852 2296 909 2332; x_wconf 81' lang='lat' dir='ltr'><strong>hic</strong></span> <span class='ocrx_word' id='word_1_230' title='bbox 928 2297 1093 2345; x_wconf 85' lang='lat' dir='ltr'><strong>temporis</strong></span> <span class='ocrx_word' id='word_1_231' title='bbox 1119 2310 1226 2333; x_wconf 84' lang='lat' dir='ltr'><strong>nexus</strong></span> <span class='ocrx_word' id='word_1_232' title='bbox 1253 2302 1288 2332; x_wconf 90' lang='lat' dir='ltr'><strong>et</strong></span> <span class='ocrx_word' id='word_1_233' title='bbox 1314 2298 1477 2333; x_wconf 76' lang='lat' dir='ltr'><strong>continua</strong></span> 
     </span>
     <span class='ocr_line' id='line_1_32' title="bbox 328 2362 1147 2409; baseline -0.001 -10"><span class='ocrx_word' id='word_1_234' title='bbox 328 2364 441 2399; x_wconf 79' lang='lat' dir='ltr'><strong>series.</strong></span> <span class='ocrx_word' id='word_1_235' title='bbox 496 2363 547 2399; x_wconf 85' lang='lat' dir='ltr'><strong>Cf.</strong></span> <span class='ocrx_word' id='word_1_236' title='bbox 576 2363 690 2398; x_wconf 85' lang='lat' dir='ltr'><strong>Hand.</strong></span> <span class='ocrx_word' id='word_1_237' title='bbox 717 2362 862 2397; x_wconf 86' lang='lat' dir='ltr'><strong>Tursell.</strong></span> <span class='ocrx_word' id='word_1_238' title='bbox 891 2362 927 2406; x_wconf 90' lang='lat' dir='ltr'><strong>I,</strong></span> <span class='ocrx_word' id='word_1_239' title='bbox 956 2375 1033 2409; x_wconf 85' lang='lat' dir='ltr'><strong>pag.</strong></span> <span class='ocrx_word' id='word_1_240' title='bbox 1062 2364 1147 2398; x_wconf 81' lang='lat'>480.</span> 
     </span>
    </p>
   </div>
  </div>
 </body>
</html>
