1752 2978
843 335 888 370 87

293 422 455 459 nifestum
494 423 585 459 enim
616 427 685 468 cst,
726 425 933 461 Tranionem
976 425 1183 461 sententiam
1220 437 1289 460 non
1330 423 1441 459 absol-

292 502 369 525 vere
395 502 495 537 quem
521 490 589 526 tale
614 490 697 537 quid
723 490 835 527 dicere
861 490 1011 527 voluisse
1037 491 1204 539 conjicio:

504 556 592 601 [volo
617 556 727 590 hercle
750 556 873 591 certior
889 557 961 603 fias
986 568 1003 590 c
1027 568 1094 598 me,
1122 555 1237 601 Simo]

389 618 450 655 Vs.
482 618 563 656 751.

373 685 451 726 Tam
478 684 657 731 liquidust,
692 697 791 731 quam
818 684 948 731 liquida
973 695 1041 719 esse
1068 688 1242 729 tempestas
1266 686 1360 720 solet.

289 749 466 796 Liquidue‚
482 752 534 784 est
546 749 684 796 proprie
698 748 821 792 claras,
831 760 974 792 serenus,
990 748 1142 783 hocloco
1152 749 1333 797 placidus,·
1346 749 1441 784 velut

289 813 380 848 enim
419 826 506 859 aqua
531 812 662 861 liquida
688 813 876 860 opponitur
901 813 1073 857 turbidae,
1102 813 1151 848 sic
1178 813 1283 849 etiam
1304 814 1440 848 animus

289 878 455 925 liquidus,
483 877 507 912 i.
540 890 569 913 e.
596 877 702 913 nullis
732 876 840 920 curis,
868 876 964 912 nulla
995 877 1046 912 ira
1068 877 1241 921 turbatus,
1271 877 1438 923 tranquil-

287 942 341 977 lus
355 969 365 985 ‚
412 941 599 989 opponitur
638 941 753 976 animo
792 941 945 986 affilato„
985 941 1143 987 inquieto.
1201 941 1254 977 Cf.
1291 941 1438 977 Turneb.

287 1007 330 1042 ad
355 1007 389 1043 h.
416 1006 439 1042 l.

384 1072 445 1107 Vs.
476 1072 556 1107 752.

464 1137 565 1173 Nunc
591 1140 624 1172 tc
648 1137 708 1172 boc
733 1148 831 1172 orare
855 1135 956 1171 iussit
980 1148 1075 1182 opere
1100 1150 1261 1173 maxumo.

292 1203 401 1251 Opere
425 1214 585 1237 maxumo
608 1214 670 1249 pro
698 1214 938 1249 maxumopere
964 1202 1036 1237 sive
1061 1215 1223 1237 maxum-o
1241 1215 1350 1250 opere.
1384 1202 1436 1238 Cf.

287 1268 363 1304 Cas.
401 1267 488 1315 prol.
531 1268 597 1310 21,
636 1266 693 1301 II:
736 1267 772 1302 7:
814 1267 832 1302 7
872 1278 971 1314 opere
1004 1272 1073 1302 tam
1101 1280 1222 1315 ηιαφιο
1247 1280 1310 1315 pro
1330 1273 1436 1303 tanto-

281 1345 376 1381 pere.
408 1331 530 1366 Bacch.
558 1330 619 1365 H:
638 1333 678 1365 2:
700 1332 741 1373 1,
769 1330 855 1366 Gist.
874 1330 944 1365 IV:
966 1333 1006 1366 2:
1024 1333 1091 1375 48,
1119 1332 1220 1378 Epid.
1239 1332 1290 1366 V:
1310 1334 1350 1367 2:
1372 1334 1436 1375 55,

287 1397 369 1432 Stic.
396 1396 455 1431 II:
485 1397 526 1431 1:
555 1397 613 1430 93.
665 1395 744 1430 Mil.
771 1394 876 1429 121:
906 1396 971 1431 75:

459 1461 549 1496 Nam
575 1473 633 1496 rex
658 1460 814 1496 Seleucus
840 1473 890 1495 me
914 1473 1009 1505 opere
1034 1461 1145 1496 oravit
1170 1474 1330 1497 maxumo.

286 1527 411 1563 Pseud.
446 1525 525 1561 III:
559 1527 718 1561 2:107:

457 1592 566 1627 Pater
596 1591 764 1634 Calidori,
793 1603 887 1636 opere
907 1590 1010 1636 petiit
1035 1604 1195 1626 maxumo.

286 1658 323 1693 in
351 1657 476 1704 quibus
502 1657 588 1693 locis
613 1656 716 1692 verba
741 1656 802 1692 illa
827 1657 929 1691 tmesi
955 1657 1193 1704 sejunguntur.

382 1722 443 1758 Vs.
473 1724 554 1759 756.

468 1789 513 1824 Et
538 1788 688 1823 balineas
714 1792 747 1823 ct
772 1789 998 1823 ambulacrum
1024 1792 1057 1822 et
1075 1789 1255 1832 porticum.

284 1854 521 1889 Ambulacrum
548 1855 756 1887 memoratur
782 1851 886 1887 etiam
912 1864 962 1887 vs.
991 1852 1080 1887 817:

290 1919 394 1954 Viden
412 1919 470 1954 boc
486 1922 568 1953 aute
583 1918 675 1953 aedis
693 1918 891 1953 vestibulum
908 1921 942 1952 ct
959 1918 1184 1952 ambulacrum
1201 1918 1436 1964 quoiusmodi?

285 1984 376 2020 unde
410 1983 587 2031 colligitur
619 1984 862 2027 ambulacrum,
897 1982 1011 2018 locum
1042 1982 1269 2019 ambulationi
1295 1987 1435 2032 aptum,

285 2050 391 2085 fuisse
418 2050 455 2085 in
490 2049 661 2085 vestibulo
688 2049 712 2085 i.
740 2062 769 2084 e.
796 2049 833 2084 in
865 2061 942 2083 area
963 2052 1042 2083 ante
1064 2049 1218 2095 januam.

382 2114 444 2150 Vs.
474 2115 554 2150 758.

469 2181 565 2216 Dare
591 2182 661 2216 volt
686 2192 820 2216 uxorem
834 2180 926 2227 filio
951 2184 1113 2226 quautam
1129 2184 1255 2225 potest.

291 2247 456 2283 Quantum
482 2251 605 2292 potest,
633 2245 658 2281 i.
681 2258 710 2281 e.
729 2245 981 2293 quamprimum
991 2245 1076 2293 fieri
1086 2251 1205 2293 potest.
1239 2245 1291 2281 Cf.
1311 2245 1434 2282 Bacch.

286 2310 345 2345 II:
374 2311 415 2345 3:
446 2311 533 2354 114,
561 2310 668 2346 Poen.
687 2310 766 2346 III:
788 2312 827 2345 l:
848 2311 907 2345 64.
934 2309 1004 2345 Cic.
1023 2310 1065 2345 ad
1084 2311 1159 2346 Att.
1178 2310 1229 2345 IV
1248 2311 1349 2358 epist.
1370 2313 1435 2347 13:

287 2375 468 2411 Rescribas
494 2376 542 2411 ad
566 2388 634 2420 me,
660 2381 820 2424 quantum
841 2381 958 2424 potest.
