1752 2978
886 258 955 291 122

341 346 467 378 terreat
501 356 544 378 ne
570 357 711 391 peceare
737 345 904 391 audeant,
932 347 1111 383 cavillator
1136 349 1250 383 autem
1277 348 1367 384 bono
1394 361 1496 385 sensu

339 407 482 454 accipit,
519 410 614 455 quasi
647 422 750 445 senex
784 411 892 456 dicat,
927 425 962 449 se
993 412 1079 448 velle
1104 425 1240 448 servum
1266 414 1344 449 aliis
1369 426 1495 462 propo-

338 484 418 507 nere
444 473 639 520 exemplum
664 474 707 510 ad
733 475 953 513 imitandum.

764 644 1078 668 qo*—

794 788 977 825 SCENA
1013 792 1047 826 3.

435 997 495 1032 Vs.
525 999 632 1033 1126.

440 1063 543 1098 Nunc
567 1075 623 1108 eqo
649 1063 690 1099 de
714 1063 897 1099 sodalitate
921 1064 1012 1099 eolus
1036 1076 1108 1099 sam
1134 1068 1251 1100 orator
1275 1065 1386 1101 datus.

333 1126 494 1162 Gloriose
525 1127 680 1173 loquitur
714 1141 849 1172 servm,
882 1133 1057 1174 tamquam
1096 1129 1126 1163 si
1166 1133 1254 1165 esset
1280 1130 1383 1166 liber:
1411 1143 1490 1166 nam

332 1192 475 1240 ingenui
501 1197 666 1229 oratorem
693 1193 837 1238 dabant,
865 1194 955 1229 servi
981 1195 1233 1240 deprecatorem.

430 1258 491 1294 Vs.
519 1258 624 1294 1134.

332 1324 438 1359 CALL.
466 1326 536 1369 Aqe
561 1325 657 1359 mitte
680 1324 804 1359 istaec.-
830 1328 862 1359 te
887 1324 934 1359 ad
957 1337 1009 1360 me
1034 1324 1081 1359 ad
1096 1336 1210 1360 cenam
1227 1326 1281 1360 dic
1298 1330 1486 1362 venturum.

482 1389 545 1425 ΤΒ.
576 1389 667 1427 Quid
691 1390 806 1424 taces?

332 1454 427 1489 Haec
459 1454 562 1490 verba
596 1454 702 1500 vulgo
736 1453 853 1489 omnia
884 1454 1088 1489 tribuuntur
1120 1454 1298 1490 Tranioni.
1360 1455 1488 1491 Melius

329 1522 445 1555 tamen
484 1519 621 1555 videtur
660 1519 764 1555 verba
804 1521 901 1565 nAye
929 1545 937 1555 .
967 1546 973 1555 .
1005 1547 1011 1554 .
1042 1547 1049 1554 .
1087 1518 1297 1555 venturum”
1336 1519 1487 1555 tribuere

330 1584 565 1629 Callidamati,
600 1585 659 1632 qui
697 1584 864 1621 nimirum
897 1597 946 1621 vs.
984 1586 1080 1620 1129
1117 1584 1265 1620 dixerat:
1297 1586 1380 1625 uhic
1405 1591 1490 1633 aput

327 1664 387 1686 nos
411 1651 510 1686 hodie
535 1663 643 1686 cenes:
669 1651 715 1685 sic
737 1649 851 1693 face.’'
891 1650 1022 1685 Verba:
1053 1654 1116 1689 ute
1141 1651 1188 1685 ad
1211 1663 1261 1686 me
1286 1651 1333 1685 ad
1348 1650 1485 1687 cenam”

328 1715 431 1762 vulgo
466 1715 644 1762 leguntur:
681 1720 743 1755 sset
775 1728 824 1750 me
854 1716 900 1750 ad
924 1714 1097 1759 eoenam,'’
1125 1719 1339 1762 repugnante
1364 1728 1485 1751 sensu:

327 1780 569 1816 Callidamates
601 1781 694 1815 enim
729 1783 829 1815 vocat
859 1780 1112 1827 Theuropidem
1148 1780 1191 1815 ad
1223 1793 1382 1824 coenam,
1417 1793 1485 1827 quo

326 1849 473 1893 negante
504 1846 614 1894 magis
646 1846 823 1893 magisque
857 1846 982 1890 instat,
1016 1846 1160 1893 ideoque
1189 1846 1301 1882 dicere
1325 1859 1396 1882 non
1421 1860 1485 1895 po-

326 1913 397 1948 tuit
430 1912 501 1947 illi:
536 1930 554 1951 n
566 1925 615 1947 me
648 1913 694 1946 ad
724 1924 856 1947 coenam
890 1912 944 1947 die
976 1910 1190 1947 venturum.”
1226 1912 1362 1957 Quibus
1392 1924 1485 1947 nunc

326 1977 457 2025 optime
491 1977 618 2012 Tranio
651 1976 752 2011 dicit:
791 1995 809 2016 u
824 1977 914 2015 Quid
939 1975 1078 2012 tace⁸''?
1116 1976 1287 2024 Cupiebat
1312 1977 1406 2012 enim
1432 1989 1483 2012 se·

325 2055 404 2079 nem
430 2042 545 2086 abire,
573 2054 640 2088 quo
668 2041 791 2077 melius
817 2053 927 2089 poena
952 2041 1167 2077 liberaretur.

423 2109 485 2144 Vs.
514 2109 622 2144 1136.

375 2175 565 2211 Adveniens
582 2174 778 2220 perterruit
802 2186 861 2209 me.
890 2174 1022 2220 loquere
1048 2185 1153 2216 nune,
1177 2172 1260 2219 quid
1272 2173 1431 2220 fecerim.

324 2240 453 2276 Verba:
486 2240 709 2279 nAdveniens
727 2239 920 2285 perterruit
945 2250 995 2275 me
1020 2237 1108 2274 dicit
1133 2238 1176 2274 ad
1202 2237 1480 2282 Callidamatem,

324 2306 454 2353 reliqua
480 2306 522 2342 ad
548 2305 813 2353 Theuropidem.
