1752 2978
863 269 904 303 78

408 357 463 392 Vs.
492 360 564 391 644
593 370 642 403 sq.

417 423 482 458 ΤΗ.
510 423 598 458 Nam
624 423 705 470 quid
729 423 810 459 ita?
837 424 888 460 'PR
892 453 1162 461 ........

421 516 578 523 .....
604 490 732 533 speculo
759 490 891 524 claras:
917 491 1078 524 clarorem
1105 502 1240 525 merum.

306 553 389 588 Post
407 553 510 588 verba
524 552 771 600 Theuropidis:
795 567 902 594 uuam
920 555 1004 603 quid
1019 556 1067 590 ita
1078 553 1130 590 ,μ’
1144 555 1277 603 aliquid
1296 555 1462 593 excidisse

302 633 343 654 ex
371 633 410 654 eo
436 623 532 666 patet
549 619 640 664 quod
653 619 742 653 nihil
757 623 826 662 est,
843 620 934 655 unde
951 620 1099 667 pendeat
1117 621 1288 656 ablativus
1306 622 1439 669 speculo
1447 639 1460 664 ,-

303 684 394 731 quod
412 688 502 720 recte
521 683 730 719 Ritschelius
755 683 847 720 vidit
872 685 1041 732 sarsitque
1067 685 1223 722 lacunam
1248 686 1312 722 hoc
1339 687 1459 723 modo:

327 751 394 786 ΤΗ.
417 751 506 785 Nam
525 750 608 796 quid
626 750 704 785 ita?
732 750 810 796 [ΤΒ.
842 752 905 786 Cor
926 752 986 786 tibi
1003 753 1254 787 exsultaturam
1274 753 1440 788 arbitror:

327 816 439 861 Mayis
465 816 590 861 hercle]
618 816 748 859 speculo
776 816 906 859 claras,
935 817 1097 852 clarorem
1125 830 1260 852 merum.

302 880 467 915 Tranioni
496 880 590 914 enim
617 880 654 913 in
682 879 797 914 animo
825 884 897 915 erat
922 881 996 916 seni
1022 881 1226 928 persuadere
1251 881 1360 917 fflium
1387 882 1461 929 ejus

303 950 393 981 recte
406 945 528 980 emisse
542 944 659 988 aedes,
675 945 739 980 hoc
753 945 899 981 consilio
913 959 968 981 eas
982 946 1121 981 laudare
1135 946 1260 994 coepit.
1276 947 1461 982 Ablativus

300 1011 433 1059 speculo
459 1022 552 1045 nunc
577 1010 705 1057 pendet
730 1023 750 1044 a
776 1011 1009 1058 comparativo
1034 1013 1144 1059 mayis
1170 1012 1292 1047 claras.
1339 1012 1462 1047 Claror

302 1089 414 1111 merus
449 1075 638 1122 significat:
682 1093 700 1113 n
712 1078 844 1110 tantam
871 1088 945 1110 esse
971 1088 1087 1111 earum
1119 1076 1310 1112 claritatem
1337 1081 1371 1111 et
1397 1090 1459 1124 pu-

303 1142 458 1184 ritatem,
486 1143 526 1175 ut
552 1139 647 1175 nulla
676 1140 807 1175 macula
835 1140 930 1176 insit.
941 1139 963 1154 ’²

401 1206 462 1240 Vs.
491 1206 574 1239 646.

403 1271 495 1306 Bene
520 1271 630 1305 hercle
644 1271 798 1317 factum.
825 1270 924 1317 quid,
952 1283 1007 1305 eas
1034 1271 1154 1317 quanti
1179 1272 1358 1306 destinat?

304 1336 487 1371 Destinare
518 1335 555 1369 in
581 1334 840 1370 nomenclatura
862 1337 1034 1370 emtorum
1052 1338 1088 1370 et
1105 1335 1325 1371 venditorum
1353 1335 1459 1382 signi-

303 1402 381 1436 ficat
406 1401 578 1447 acquirere
603 1401 775 1435 constituto
794 1401 927 1447 pretio,
956 1400 1158 1447 praesertim
1185 1400 1214 1435 si
1255 1400 1373 1436 arrabo
1403 1400 1458 1435 de-

303 1470 371 1501 tur.
398 1465 451 1500 Cf.
479 1465 568 1500 Rud.
597 1465 691 1500 Prol.
718 1466 765 1499 45
794 1477 844 1511 sq.

418 1531 527 1565 Minis
554 1530 698 1575 triqinta
723 1531 786 1565 sibi
804 1531 957 1575 puellam
984 1531 1151 1573 destinat,

417 1595 553 1640 Datque
577 1596 810 1637 arrhabonem,
838 1598 872 1629 et
895 1594 1115 1629 iureiurando
1142 1595 1277 1639 alliqat.

302 1659 396 1694 Pers.
424 1658 494 1694 IV:
524 1660 561 1694 3:
589 1660 633 1693 80
662 1659 775 1694 Etiam
803 1663 839 1693 tu
865 1659 963 1693 illam
988 1659 1168 1694 destinas?
1196 1658 1266 1694 Cic.
1294 1659 1336 1694 ad
1363 1659 1456 1694 Fam.

301 1724 374 1759 VII
392 1723 493 1772 epist.
523 1724 586 1758 23:
618 1742 636 1763 ῃ
644 1722 742 1767 Quod
767 1723 827 1758 tibi
852 1723 1043 1759 destinaras
1069 1722 1345 1769 trapezopltordn,
1372 1724 1402 1758 m?
1428 1728 1460 1758 te

302 1790 448 1826 delectat
482 1789 628 1825 habebis.-
653 1789 707 1824 εἰη
730 1793 841 1824 autem
858 1788 1058 1824 sententiam
1076 1790 1234 1832 mutasti,
1262 1802 1317 1834 eyo
1344 1790 1460 1824 habebo

302 1853 471 1890 scilicet.”

401 1920 463 1955 Vs.
491 1921 560 1955 647

408 1985 558 2020 Talentis
583 1985 712 2030 maqnis
740 1985 894 2027 totidem,
923 1988 1002 2030 quot
1029 1996 1084 2029 eqo
1110 1988 1143 2018 et
1172 1987 1209 2017 tn
1236 1996 1359 2018 sumus.

311 2050 457 2086 Talentis
493 2053 647 2097 maynis;
686 2049 868 2085 Talentum
901 2052 953 2084 est
984 2048 1120 2096 pondus
1147 2048 1324 2094 sexaginta
1349 2048 1457 2084 mina-

303 2128 399 2160 rum3
429 2115 523 2151 mina
549 2118 687 2150 centum
713 2114 889 2149 drachmas
923 2113 1028 2149 habet
1040 2129 1051 2156 ς
1090 2113 1250 2148 drachma
1276 2117 1327 2148 est
1352 2126 1458 2161 prope

303 2181 410 2216 librae
448 2181 564 2228 pondo
584 2184 619 2215 et
645 2180 879 2215 Romanorum
904 2178 1084 2213 denarium
1116 2178 1185 2213 fere
1212 2182 1344 2225 aequat.
1380 2179 1458 2214 Hoc

303 2249 355 2280 est
399 2246 568 2281 talentum
612 2245 769 2280 Atticum
809 2255 1008 2286 commune,
1042 2243 1132 2288 quod
1165 2243 1235 2279 fere
1274 2244 1457 2291 scriptores

303 2310 421 2346 Latini
449 2310 670 2357 intelligunt,
698 2310 767 2345 nisi
795 2309 890 2345 aliud
916 2309 1071 2344 addatur.
1108 2309 1159 2345 Cf.
1189 2310 1321 2346 Remm.
1348 2309 1454 2345 Fann.
