1752 2978
843 279 889 311 46

380 369 440 404 Vs.
469 370 553 404 293.

280 436 368 470 Nam
393 434 475 482 quid
498 434 552 469 hic
580 447 635 469 vos
661 433 791 479 affinis?
827 445 977 469 PHILEM.
1010 433 1079 468 Tibi
1106 445 1154 468 me
1179 444 1311 467 exorno.
1340 442 1436 466 pun„

401 498 561 535 Ornata's
586 499 682 535 satis.

280 566 377 601 Libri
392 569 472 614 post
487 566 570 606 „tibi
583 579 633 600 me
644 563 788 601 exorno''
808 564 967 601 inserunt
988 566 1090 600 verba
1112 563 1365 610 (subplaceam’',
1387 577 1438 600 rc-

278 635 454 678 pugnante
481 635 610 674 metro,
648 643 751 676 quare
782 633 874 666 recte
900 631 982 666 haec
1007 634 1047 666 ut
1073 629 1282 677 interpolata
1309 629 1438 665 delevit

279 696 508 740 Ritschelius,
536 697 634 743 cujus
660 695 763 730 lectio
791 696 894 731 habet
921 696 1059 742 quidem
1086 695 1219 730 hiatum
1238 698 1319 742 post
1337 695 1437 741 quin-

278 766 354 797 tum
380 762 521 810 pedem,
558 766 673 797 tamen
703 761 768 797 hoc
798 762 875 797 loco
908 762 989 797 ferri
1017 764 1131 808 potest
1157 764 1299 808 propter
1326 764 1436 796 muta-

277 828 409 863 tionem
436 840 672 875 personarum.

376 892 437 929 Vs.
466 894 549 929 308.

277 957 360 1003 'Aye
393 958 541 993 accumbe
572 957 697 1003 iqitur,
725 957 801 993 ce'do
827 971 946 1004 aquam
972 958 1139 1001 manibus,
1160 956 1285 1003 pderc:
1309 970 1437 1003 appone

377 1023 431 1057 hie
456 1021 651 1057 me'neulam.

276 1087 404 1122 Versus
430 1087 479 1121 ita
506 1086 614 1121 lectus
640 1090 757 1133 peccat
782 1086 944 1122 adversus
970 1086 1062 1134 leges
1088 1086 1259 1122 metricas.
1285 1086 1321 1121 Si
1342 1087 1434 1122 enim

276 1152 471 1196 scanditur,
505 1152 638 1188 ratione
671 1152 789 1189 habita
824 1153 867 1188 ad
892 1160 1051 1189 accentus
1077 1153 1267 1201 rythmicos
1291 1152 1349 1189 hic
1375 1166 1433 1200 ap-

276 1218 425 1266 positOS‚
466 1219 503 1253 in
535 1218 647 1265 primo
680 1218 766 1265 pede
797 1230 859 1265 pro
893 1219 1053 1253 trochaeo
1084 1218 1244 1254 bacchius
1270 1218 1432 1265 ponitur,

275 1283 368 1330 quod
392 1296 478 1319 num
503 1282 607 1318 liceat
632 1296 762 1319 vereor.
811 1283 925 1328 Quam
952 1283 995 1318 ob
1023 1296 1159 1318 causam
1184 1283 1271 1318 mihi
1298 1283 1434 1318 videtur

276 1348 341 1383 hoc
367 1347 470 1382 modo
496 1347 682 1393 legendus,
710 1348 810 1382 hiatu
835 1347 985 1382 admisso
1012 1351 1092 1394 post
1117 1347 1259 1382 verbum
1285 1360 1368 1392 aye.-

298 1409 396 1457 'Aqe,
436 1412 585 1447 accumbe
617 1410 734 1457 iyitu'r.
761 1412 836 1447 cedo
862 1424 983 1458 aquam
1010 1411 1176 1454 manibzis,
1198 1409 1304 1458 pier.-
1328 1424 1413 1458 pone

375 1477 429 1512 hic
454 1476 649 1511 me'nsulam.

272 1554 357 1589 puer
382 1553 443 1589 per
469 1540 640 1588 synizesin
668 1541 939 1577 contrahendum
966 1545 1029 1577 est.

373 1607 435 1643 Vs.
463 1607 547 1642 309.

280 1672 376 1716 Vide,
417 1671 482 1707 tali
519 1671 574 1706 ubi
612 1671 693 1707 sint.
721 1672 778 1707 viu
805 1672 1006 1717 unquenta?
1046 1671 1151 1707 PHIL.
1191 1672 1283 1710 Quid
1306 1672 1433 1718 opusc?

373 1750 445 1772 cum
470 1740 581 1772 stacta
606 1738 734 1772 accubo.

274 1803 392 1837 δίαιτα
426 1804 479 1836 est
513 1801 626 1836 oleum
654 1814 672 1836 e
698 1801 917 1837 cinnamomo
948 1805 983 1837 et
1008 1801 1146 1848 myrrha
1171 1801 1280 1837 incisa
1306 1801 1432 1837 sudans

276 1869 308 1914 (a
346 1867 477 1903 Graeco
517 1863 650 1910 στάζω,
689 1867 817 1914 stillo),
857 1867 965 1914 igitur
1007 1867 1051 1902 ad
1090 1867 1193 1903 verba
1232 1866 1432 1903 Philematii

278 1932 366 1971 'svin
391 1931 593 1977 unquenta’'
620 1932 735 1980 lepide
752 1932 971 1968 Philolaches
990 1931 1174 1980 respondet
1202 1945 1305 1972 acum
1322 1936 1430 1968 stacta

273 1996 432 2041 accubo”‚
455 1997 478 2033 i.
506 2010 535 2034 c.
563 2010 633 2033 non
660 2010 746 2045 opus
772 1997 936 2033 est-mihi
963 1998 1167 2045 unguentis,
1187 1998 1350 2044 quoniam
1376 2010 1429 2033 ac-

273 2062 360 2098 cubo
388 2075 466 2098 cum
492 2075 549 2107 ea,
577 2075 662 2109 quac
689 2062 774 2098 mihi
793 2067 846 2098 est
862 2063 971 2100 instar
989 2064 1145 2100 omnium
1163 2066 1429 2110 unguentorum.

372 2128 433 2165 Vs.
462 2130 546 2164 311.

270 2194 310 2228 Is
335 2198 385 2229 est
405 2194 590 2243 [prefecto]
603 2210 613 2230 .·
643 2194 881 2230 Callidamates
898 2200 1049 2232 aecumst.
1073 2208 1170 2241 enyo,
1190 2197 1305 2231 oculus
1321 2208 1430 2231 meus.-

273 2258 343 2294 Hie
369 2272 486 2295 versus
514 2260 552 2295 in
579 2260 733 2296 editione
759 2259 883 2296 Weisii
912 2261 961 2296 sic
987 2261 1136 2308 legitur:

272 2325 310 2359 Is
328 2329 396 2369 est,
420 2330 469 2361 est
490 2326 747 2362 Callidamates.-
773 2339 897 2370 eccum,
917 2327 1053 2363 incedit.
1079 2328 1171 2373 Buqe
1188 2329 1304 2363 oculus
1321 2339 1429 2362 mens:
