1752 2978
882 277 926 311 56

472 369 628 412 Homini,
655 369 733 416 quoi
759 369 859 404 nulla
885 369 922 403 in
940 372 1111 413 pectorest
1136 369 1299 413 audacia,

475 433 579 480 [Nam
605 434 711 469 cuivis
736 433 880 476 bomini,
910 434 966 469 vel
989 438 1123 479 optumo
1149 435 1205 470 vel
1220 436 1389 482 pessumo]

477 497 639 542 Quamvis
663 499 809 534 desubito
825 499 976 546 facilest
990 501 1116 546 faeere
1142 500 1314 546 nequiter.-

478 563 597 599 Verum
622 564 660 599 id
684 564 893 600 videndumst
902 592 1064 608 .....

323 630 525 665 Lectionem
552 630 733 665 Ritschelii
759 630 926 678 probrior
959 630 1087 665 idcirco
1114 629 1375 678 improbandam
1401 643 1479 666 cen-

323 708 400 739 seo,
442 695 533 742 quod
568 708 735 742 nusquam
764 695 940 731 invenitur
972 695 1145 743 positivus
1166 696 1296 744 prober
1323 696 1376 732 vel
1392 709 1478 744 pro-

321 762 401 796 brus
439 761 529 795 unde
563 760 623 795 ille
662 760 915 807 comparativus
952 760 1102 795 derivari
1134 760 1255 807 possit.
1316 760 1376 796 Vs.
1406 763 1478 798 407

321 825 520 861 Gronovius
546 825 634 872 legit
648 825 808 871 propior,
836 824 1017 872 locumque
1036 824 1185 873 explicat
1202 825 1270 861 sic:
1294 844 1312 865 η
1323 825 1480 862 solebant

320 890 452 938 judicio
491 890 774 939 periclitantibus
809 890 966 926 advocati
1003 903 1075 925 esse
1102 893 1173 926 tam
1199 891 1337 938 patroni
1376 903 1478 938 quam

321 955 485 1000 clientes,
518 960 553 992 et
591 955 628 992 hi
659 956 825 1002 proximi,
866 959 942 991 tum
980 956 1112 1000 adesse,
1149 968 1318 1001 superesse
1349 961 1384 992 et
1410 957 1478 1004 sig-

321 1021 412 1056 natis
451 1021 564 1057 verbis
603 1020 816 1057 dicebantur.
886 1021 1012 1057 Parum
1050 1021 1155 1056 refert
1194 1021 1332 1069 patroni
1371 1022 1480 1069 magis

321 1099 447 1121 nomen
480 1099 524 1121 an
557 1087 667 1133 magis
699 1086 836 1121 clientis
871 1087 977 1130 ferat,
1017 1086 1195 1134 proximus
1235 1086 1298 1130 sit,
1341 1086 1401 1133 qui
1434 1087 1478 1122 ti-

321 1150 434 1186 midus
479 1154 547 1194 est,
588 1162 696 1197 eoque
728 1163 799 1186 non
834 1150 913 1198 plus
948 1150 1141 1198 adjumenti
1178 1150 1275 1186 adest
1308 1163 1410 1198 quam
1449 1152 1479 1187 si

320 1228 508 1262 numquam
523 1218 625 1251 natus
639 1214 721 1251 sit.”
741 1215 833 1251 Mihi
842 1215 970 1251 Tranio
983 1215 1048 1251 hoc
1061 1215 1137 1251 loco
1152 1214 1291 1251 videtur
1304 1228 1478 1263 compara-

323 1280 455 1316 tionem
467 1281 576 1316 facere
588 1280 680 1316 inter
694 1293 747 1324 se,
763 1283 938 1327 tamquam
950 1285 1150 1327 patronum,
1170 1284 1205 1316 et
1222 1280 1457 1316 Philolachem
1467 1309 1477 1325 ,

322 1349 362 1380 ut
380 1345 544 1381 clientem.
563 1345 600 1380 Si
617 1345 764 1392 legimus
780 1346 932 1392 probior,
952 1345 1132 1392 aptissima
1150 1345 1321 1381 sententia
1334 1345 1479 1380 efficitur

323 1409 461 1445 haecce:
523 1410 649 1445 Pluma
691 1410 775 1445 baut
813 1409 973 1453 interest,
1020 1409 1044 1445 i.
1085 1423 1114 1445 0.
1154 1409 1318 1457 exiguum
1357 1409 1477 1445 discri-

324 1487 403 1509 men
450 1477 502 1509 est
542 1474 633 1509 inter
676 1478 709 1509 te
754 1478 789 1509 et
828 1487 904 1509 me:
958 1478 997 1509 tu
1040 1474 1153 1509 fecisti
1198 1474 1339 1517 illicita,
1391 1474 1478 1509 clam

321 1542 438 1586 patre;
491 1550 574 1585 ego,
627 1538 686 1584 qui
738 1537 805 1573 tibi
853 1541 969 1573 custos
1015 1550 1091 1573 sum
1138 1537 1294 1582 relictus,
1347 1550 1478 1573 amores

323 1609 402 1641 tuos
430 1604 502 1640 0010
529 1607 682 1652 patrem,
711 1607 813 1650 atque
840 1604 891 1639 ita
916 1604 1014 1640 faveo
1041 1603 1231 1640 malefactis
1258 1604 1347 1647 tuis,
1376 1616 1478 1650 quare

322 1675 361 1705 tu
402 1682 472 1705 non
499 1670 641 1717 probior
668 1682 703 1704 es
729 1682 795 1705 me.
848 1669 935 1704 Inde
962 1669 1107 1704 efficitur
1132 1672 1212 1717 post
1238 1681 1287 1704 vs.
1315 1670 1386 1705 407
1414 1669 1475 1704 ali-

321 1735 405 1782 quid
435 1735 620 1779 excidisse,
654 1747 721 1781 quo
748 1735 936 1778 sententia,
963 1747 1003 1770 00
1030 1747 1130 1769 versu
1157 1734 1333 1777 inchoata,
1364 1734 1475 1770 absol-

321 1804 468 1836 veretur.
504 1800 732 1836 Manifestum
752 1812 887 1846 quoque
914 1803 967 1835 est
992 1812 1118 1834 novam
1148 1799 1356 1834 sententiam
1381 1812 1401 1834 a
1426 1812 1475 1834 vs.

316 1854 393 1899 '409
421 1864 545 1909 ordiri,
574 1864 737 1911 ideoque,
768 1864 931 1911 quoniam
958 1863 1048 1899 nihil
1072 1867 1124 1899 est
1142 1875 1209 1910 quo
1229 1876 1278 1899 VS.
1298 1865 1368 1899 410
1389 1863 1477 1900 illud

321 1944 398 1965 uam
432 1930 552 1966 referri
578 1930 707 1977 possit,
735 1930 792 1964 hic
818 1942 937 1964 versus
964 1929 1228 1976 expungenduS,
1257 1941 1323 1974 quo
1349 1929 1476 1964 omisso

320 1995 420 2030 facile
447 2007 496 2030 VS.
525 1996 596 2029 409
625 2007 702 2030 cum
728 2008 778 2030 vs.
805 1996 876 2029 411
907 1994 1141 2041 conjungitur.

420 2061 481 2097 Vs.
510 2063 582 2097 419
610 2074 659 2107 sq.

421 2154 765 2162 ..........
785 2126 891 2170 perii.
919 2127 996 2168 ebo,
1024 2126 1159 2160 iamiam
1185 2130 1313 2170 optume

419 2191 616 2237 Praeceptis
634 2204 751 2237 pares.
780 2190 845 2225 Pu.
871 2190 961 2225 Erus
988 2194 1020 2225 te
1035 2190 1149 2236 jussit
1173 2203 1322 2225 maoeumo
1349 2194 1413 2226 cet.

323 2257 370 2292 Hi
396 2269 512 2291 versus
534 2257 626 2303 apud
646 2256 819 2290 VVeisium
839 2259 874 2289 et
892 2254 941 2289 Le
960 2254 1072 2290 Maire
1092 2254 1254 2301 leguntur
1276 2255 1340 2290 hoc
1353 2255 1474 2290 modo:

423 2349 768 2357 ..........
795 2320 916 2355 Perii!
942 2334 978 2363 o,
1005 2320 1137 2356 iamiam
1165 2325 1293 2365 optume
