1752 2978
866 286 910 317 52

408 375 468 410 Vs.
497 369 579 409 351.

345 441 416 474 Nee
450 440 551 473 Salus
589 440 680 473 nobis
716 439 823 473 saluti
862 439 927 473 iam
956 451 1041 481 esse,
1072 439 1102 472 si
1133 440 1264 484 cupiat,
1289 444 1426 484 potest.-

309 504 360 539 Cf.
389 504 487 551 Capt.
516 504 594 539 III:
625 506 665 539 3:
696 506 809 547 2-4,

308 569 409 603 Nunc
434 582 524 614 spes,
551 582 625 614 opes
651 569 845 615 auoeiliaque
866 583 886 603 α
913 581 963 603 me
982 573 1156 613 seqreqant
1175 573 1401 615 spernuntque
1418 582 1463 604 se.

308 634 375 668 Hie
400 634 460 669 ille
486 639 535 670 est
561 634 645 678 dies,
675 647 769 681 quom
795 634 895 668 nulla
921 634 1011 669 vilae
1036 647 1126 669 meae
1154 635 1248 669 salus
1270 635 1462 679 sperabilis,

308 699 424 745 Neque
449 700 587 735 mitium
614 700 715 735 eoeitio
742 703 813 742 est,
842 703 907 734 cet.

408 763 500 798 Ibid.
527 776 577 798 vs,
607 765 664 799 14.

432 829 548 875 Neque
568 829 635 863 iam
662 829 762 863 Salus
787 841 940 871 servare,
968 828 998 863 δί
1023 829 1110 872 volt,
1139 841 1188 863 me
1208 833 1337 873 potest,

307 892 446 927 Dictum
475 893 512 927 in
538 892 759 939 proverbium
782 892 926 928 abiisse:
961 893 1032 937 ipsa
1060 894 1161 928 Salus
1187 897 1218 928 te
1241 906 1375 928 servare
1399 906 1463 927 non

302 961 431 1001 potest,
459 961 599 1005 apparet
626 970 644 992 e
669 957 745 993 Ter.
769 957 836 993 Ad.
857 957 929 991 IV.-
950 958 986 993 7:
1006 958 1073 1000 43,
1093 957 1164 993 Cic.
1184 957 1282 993 Verr.
1301 957 1381 992 III:
1405 960 1462 994 57.

407 1021 468 1056 Vs.
497 1023 580 1055 356.
1078 1033 1084 1043 ·

439 1086 501 1121 Ubi
525 1090 606 1121 sunt
631 1086 691 1121 isti
707 1086 961 1131 playipatidae,
979 1086 1222 1133 ferritribaces
1248 1086 1326 1122 viri.

306 1152 562 1196 Plaqipatidae,
603 1163 670 1185 vox
709 1151 837 1185 comice
877 1152 1038 1194 conficta,
1079 1151 1249 1197 significat
1288 1164 1365 1194 eos,
1404 1152 1462 1197 qui

307 1215 392 1251 lucri
420 1227 521 1251 causa
546 1215 663 1263 plagas
699 1215 891 1263 patiuntur.
935 1215 1089 1251 Verbum
1128 1216 1266 1263 proprie
1305 1216 1463 1263 usurpari

307 1284 422 1327 potest
449 1280 490 1315 de
516 1280 697 1327 parasitis,
725 1280 784 1326 qui
812 1280 979 1315 nimirum
999 1280 1115 1315 omnia
1133 1281 1282 1327 perferre
1299 1286 1462 1328 possunt,

309 1345 495 1380 dummodo
522 1345 608 1380 bene
635 1345 828 1392 epulentur.
869 1344 975 1391 Cupit
1001 1345 1127 1380 Tranio
1154 1345 1269 1380 adesse
1296 1346 1462 1391 aliquem,

310 1410 369 1456 qui
402 1422 464 1456 pro
499 1422 533 1444 se
569 1422 696 1456 poenas
723 1409 792 1445 det.
821 1409 872 1444 Cf.
901 1422 949 1444 vs,
979 1410 1062 1444 355.
1103 1410 1361 1453 ferritribaces,
1389 1423 1462 1445 ver-

308 1474 391 1510 bum
418 1478 621 1520 usurpatum
648 1474 690 1508 de
716 1474 775 1517 iis,
806 1474 864 1519 qui
892 1478 931 1508 ut
958 1474 1146 1520 plurimum
1173 1474 1291 1508 ferreis
1316 1474 1463 1508 vinculis

308 1542 469 1573 tenentur
501 1537 708 1585 compediti,
746 1550 891 1583 quorum
926 1537 1035 1583 igitur
1061 1537 1150 1572 nihil
1177 1538 1321 1572 interest
1347 1541 1463 1572 utrum

308 1603 412 1638 semel
439 1616 481 1638 an
509 1602 643 1650 saepius
670 1615 796 1650 poenas
823 1602 931 1638 luant.

409 1668 469 1704 Vs.
497 1669 566 1704 357
597 1681 646 1714 sq.

314 1735 374 1769 Vel
398 1735 478 1778 isti,
508 1735 566 1781 qui
593 1734 693 1769 trium
723 1747 928 1769 nummorum
954 1747 1054 1768 eausa
1079 1735 1220 1769 subeunt
1245 1735 1303 1769 sub
1318 1735 1426 1781 falas

314 1799 375 1834 Vel
397 1800 612 1845 ubiquomque
638 1799 732 1833 denis
757 1799 864 1833 hastis
892 1811 1009 1843 corpus
1036 1798 1193 1845 tranqfiyi
1217 1799 1331 1833 solet?

314 1863 426 1897 Trium
458 1875 663 1898 nummorum
690 1875 811 1897 causa:
837 1862 979 1909 respicit
1005 1865 1106 1909 poeta
1132 1861 1344 1909 stipendium
1371 1861 1462 1897 mili-

309 1932 399 1971 tare,
426 1928 516 1973 quod
543 1931 615 1962 erat
639 1928 784 1962 duorum
811 1927 992 1962 obolorum
1010 1927 1082 1962 sive
1101 1927 1207 1962 trium
1226 1927 1372 1970 assium;
1392 1927 1463 1962 nisi

310 1993 427 2039 potius
451 1999 517 2029 tres
542 2005 695 2027 nummos
722 1993 880 2027 universe
908 2005 969 2040 pro
996 1993 1119 2039 exiguo
1146 1992 1259 2040 pretio
1288 1992 1394 2037 dixit,
1423 1996 1462 2027 ut

309 2058 345 2092 in
373 2057 490 2093 fabula
517 2058 720 2093 Trinummo
744 2057 815 2092 IV:
847 2059 887 2092 2:
918 2058 936 2092 1
967 2070 1016 2103 sq.

509 2150 955 2158 ........
985 2135 1043 2169 890
1069 2136 1210 2170 operam
1236 2136 1341 2158 Ιηθαῃί

406 2189 512 2224 tribus
538 2191 648 2224 numi-s·
674 2188 772 2223 hodie
798 2188 906 2223 locavi
929 2189 978 2223 ad
1002 2194 1089 2223 artes
1115 2190 1323 2235 nuyalorias.

307 2254 403 2289 Dicit
442 2254 506 2289 hoc
549 2254 641 2289 loeo:
692 2253 781 2293 [subi
824 2256 904 2288 sunt
939 2253 1069 2288 strenui
1106 2253 1158 2288 illi
1198 2253 1365 2295 homines,
1404 2253 1461 2297 qui

308 2319 453 2354 minimo
486 2319 598 2366 pretio
634 2318 821 2361 auctorati,
859 2318 921 2353 sub
949 2318 1051 2362 falas,
1080 2319 1103 2354 i.
1128 2332 1156 2354 e.
1194 2323 1304 2353 turres
1332 2317 1463 2363 ligneas
