1752 2978
830 332 875 365 69

451 448 765 457 ......
823 423 900 458 dum
927 423 986 458 ille
1011 422 1151 465 dormit,
1182 422 1252 456 volo

455 487 502 521 Tu
519 486 618 532 prior
643 500 774 532 occupes
799 488 903 523 adire.
932 490 996 523 cet.

277 549 383 587 Poen.
410 551 447 586 I:
478 554 517 587 2:
547 553 757 588 llo—112:

280 618 371 655 Quae
388 618 507 653 habent
524 622 688 654 nocturna
705 631 783 662 ora,
804 623 902 654 noctu
919 620 1152 665 sacruficatum
1173 618 1223 652 ire
1241 620 1403 662 occupant
1410 632 1422 657 ;

276 682 477 729 Priusquam
508 683 615 719 Venus
648 684 912 729 emperqiscatur,
935 669 1037 729 prius
1063 683 1285 728 deproperant
1310 682 1423 717 sedulo

277 748 498 794 Sacruficare:
523 752 587 784 cet.
629 761 633 765 ·

374 812 434 848 Vs.
464 813 546 849 567.

236 886 239 889 ’
277 905 721 914 ........
773 891 827 915 ΤΒῚ.
854 879 1001 914 Hilarus
1026 882 1086 913 est.
1114 880 1295 925 fragma&
1321 878 1422 912 homo.

275 942 317 976 In
345 942 496 978 editione
524 942 646 978 Weisii
672 944 721 979 sic
747 943 1009 990 distinguuntur
1034 955 1214 990 personae:

276 1035 590 1052 ......
618 1021 700 1045 DAN.
728 1009 874 1045 Hilarus
899 1013 958 1045 est.
991 1021 1046 1044 ΤΒ.
1074 1009 1221 1044 Frustra
1246 1012 1296 1043 est
1320 1009 1422 1042 ltomo.

249 1083 251 1085 ·
275 1072 446 1106 neminem
465 1076 578 1107 tamen
595 1073 706 1119 fugiet
723 1073 825 1109 verba
835 1089 845 1117 ς
868 1073 1027 1113 Μὶἰιιντω
1049 1071 1127 1108 e⁸t”
1148 1084 1217 1107 non
1235 1085 1254 1106 a
1268 1071 1421 1113 danista,

275 1136 334 1171 sed
361 1136 398 1171 in
424 1136 593 1173 danistam
619 1138 707 1182 dici,
739 1142 777 1174 ut
803 1138 862 1185 qui
890 1138 1008 1174 hilaris
1035 1141 1124 1181 era-t,
1160 1137 1241 1183 quia
1266 1135 1424 1184 sperabat

274 1204 453 1247 argentum
485 1202 551 1238 sibi
589 1203 762 1238 redditum
796 1203 851 1238 iri.
918 1204 1063 1238 Frustra
1094 1215 1162 1238 esse
1204 1202 1332 1237 dicitur
1365 1213 1422 1235 cu-

271 1266 328 1313 jus
367 1267 569 1312 consilium,
610 1271 769 1311 conatus,
808 1281 885 1315 spes
923 1268 1037 1303 inanis
1070 1271 1139 1312 est,
1174 1267 1317 1303 fallitur.
1370 1266 1422 1302 Cf.

275 1331 401 1378 Amph.
428 1331 505 1367 III:
532 1334 570 1367 3:
599 1335 664 1376 20,
693 1332 792 1379 Capt.
821 1332 891 1367 IV:
920 1335 958 1367 2:
988 1334 1053 1375 75,
1081 1333 1175 1367 Men.
1202 1332 1272 1366 IV:
1300 1334 1340 1366 3:
1361 1333 1422 1374 18,

275 1396 381 1432 Merc.
420 1396 498 1431 III:
541 1397 582 1431 1:
625 1397 689 1440 30,
721 1396 816 1432 Pers.
850 1396 884 1431 I:
912 1398 952 1431 3:
981 1398 1048 1440 60,
1075 1396 1163 1431 Rud.
1191 1395 1262 1430 IV:
1290 1397 1330 1430 3:
1356 1397 1423 1438 41,

275 1462 345 1497 IV:
377 1463 414 1497 7:
443 1463 505 1505 29,
533 1462 633 1497 Truc.
661 1462 730 1497 IV:
758 1464 799 1497 2:
827 1464 895 1505 45,
914 1462 995 1497 Sall.
1015 1461 1096 1508 Jug.
1116 1461 1198 1508 Cap.
1221 1462 1258 1504 7,
1281 1463 1342 1504 74,
1365 1462 1422 1496 87.

374 1526 434 1562 Vs.
463 1528 545 1562 568.
925 1523 927 1526 ’

480 1593 616 1628 Salvere
641 1593 731 1628 iubeo
759 1597 808 1635 te,
836 1592 1098 1639 Misaryyrides,
1126 1594 1214 1627 bene.

275 1658 518 1704 Misarqyrides
551 1656 828 1703 Μισαργυρίὸης,
864 1657 959 1704 quasi
995 1658 1053 1703 qui
1086 1658 1266 1705 pecuniam
1293 1657 1423 1700 oderit,

275 1723 403 1758 ironice
428 1723 619 1770 appellatur
646 1736 707 1771 pro
736 1723 988 1770 Philargyride,
1016 1722 1275 1769 Ψιλαργυρίὸης.

372 1788 432 1824 Vs.
462 1790 543 1825 570.

449 1854 612 1889 Continuo
638 1854 816 1890 adveniens
834 1855 946 1900 pilum
973 1854 1118 1889 iniecisti
1145 1854 1235 1889 mihi.

275 1919 298 1954 i.
323 1932 351 1955 e.
382 1918 697 1967 nimpedimentum
725 1919 810 1955 mihi
836 1918 986 1955 attulisti
1013 1924 1048 1954 et
1074 1919 1171 1966 quasi
1197 1918 1270 1966 pilo
1297 1918 1424 1966 injecto

275 1988 426 2022 moratus
465 1999 500 2022 es
538 1985 628 2022 me.’'
680 1985 882 2033 Metaphora
908 1986 1009 2022 ducta
1034 1998 1052 2020 a
1079 1986 1315 2022 Romanorum
1340 1984 1423 2020 acie.

274 2050 327 2086 Of.
343 2050 540 2086 Gronovius
566 2050 677 2087 Lectt.
706 2051 834 2087 Plautt.
861 2063 938 2098 pag.
967 2051 1049 2086 198.
1103 2050 1202 2094 Pila,
1230 2062 1338 2097 genus
1365 2049 1423 2085 ha-

274 2120 364 2160 stae,
390 2116 554 2163 gerebant
579 2116 708 2152 milites
725 2116 839 2164 gravis
857 2119 1065 2159 armaturae,
1093 2115 1204 2161 quiin
1222 2114 1423 2162 proeliando

273 2180 439 2228 primum,
467 2182 600 2217 modico
629 2181 739 2230 spatio
765 2181 808 2217 ab
834 2180 990 2216 hostibus
1023 2180 1209 2223 distantes,
1243 2179 1315 2227 pila
1341 2192 1422 2214 con-

271 2245 455 2294 jiciebant;
483 2247 607 2283 deinde
633 2260 686 2283 res
712 2247 836 2295 gladiis
862 2243 1069 2294 gerebatur.‘
1089 2245 1229 2293 Lipsius
1248 2249 1424 2293 comparat

273 2311 404 2347 dictum
432 2311 495 2347 hoc
520 2311 716 2357 Ciceronis,
744 2325 805 2360 pro
833 2312 925 2348 Mur.
953 2324 1025 2359 cap.
1055 2312 1119 2346 al:
1153 2330 1171 2352 n
1184 2310 1295 2357 Quam
1322 2320 1351 2350 ce
1376 2327 1422 2350 se-

273 2378 380 2413 carim
408 2378 557 2424 injecisse
577 2385 690 2427 putas
703 2379 865 2428 petitioni
889 2376 1014 2414 meae.'’
