1752 2978
880 263 923 296 60

324 350 377 385 ad.
412 351 486 386 Att.
522 350 587 385 XV
622 364 674 398 ep.
705 354 761 387 20.
802 353 853 386 dz'z‘
878 352 933 387 illi
958 358 1109 394 mortuo,
1137 353 1195 399 qui
1220 365 1380 399 umquam
1405 354 1479 388 Bu-

323 416 479 450 chrocam.

420 480 481 515 Vs.
508 481 592 516 466.

473 573 815 581 ..........
846 548 935 593 [tene
961 550 1085 581 terram
1112 547 1247 593 mauuz]

322 610 445 656 vulgo:
488 611 684 655 ''tetigistin
708 610 847 658 foris‚''
881 624 966 657 quae
1001 611 1104 646 verba
1130 624 1148 646 e
1175 624 1224 646 vs,
1252 612 1322 647 457
1354 611 1479 647 iterata

322 687 499 721 perperam
535 675 601 709 hue
633 675 846 721 irrepserunt
870 676 1037 722 planeque
1066 676 1185 722 inepta
1210 679 1302 710 sunt.
1342 676 1471 719 Verba,
1539 686 1541 688 ’

321 750 407 784 quae
425 738 634 774 Ritschelius
653 752 671 773 e
689 740 884 786 conjectura
907 739 1080 787 reposuit,
1109 739 1285 787 pertinent
1303 739 1345 775 ad
1368 752 1478 787 genus

322 803 492 848 quoddam
520 804 752 839 venerationis
783 809 817 839 et
851 806 1056 840 cerimoniae
1088 805 1125 839 in
1160 804 1278 848 rebus,
1316 817 1400 850 quae
1436 806 1479 840 ad

324 868 414 902 Deos
440 868 568 903 inferos
594 869 826 915 pertinerent,
864 869 905 905 de
932 869 1056 916 quibus
1082 869 1146 904 hoc
1172 869 1247 904 loco
1275 881 1385 904 sermo
1412 874 1476 904 est.

325 933 377 968 Cf.
405 947 454 969 vs.
482 935 554 969 468
583 946 633 980 sq.
659 938 694 969 et
730 947 814 980 quae
840 935 888 970 ibi
918 948 935 969 e
961 935 1120 970 Turnebo
1147 935 1244 969 affert
1270 935 1478 970 Gronovius.

423 998 484 1033 Vs.
512 1000 596 1034 469.

403 1091 598 1099 ......
631 1065 766 1099 Obsecro
792 1065 918 1107 hercle,
943 1064 1029 1110 quin
1064 1065 1171 1111 [intro
1191 1064 1276 1099 imus
1299 1062 1401 1111 laud]

323 1128 580 1163 Lubentissime
620 1129 790 1163 assentior
823 1129 1028 1171 Ritsehelio,
1064 1128 1122 1174 qui
1151 1128 1211 1163 illa
1235 1129 1338 1164 verba
1361 1129 1478 1175 posuit

322 1206 384 1241 pro
424 1193 594 1240 vulgatis:
636 1212 653 1233 η
664 1194 747 1240 quin
786 1195 937 1240 eloquere
973 1193 1080 1237 iam?
1119 1206 1204 1240 quae
1240 1193 1343 1229 nihili
1377 1197 1476 1237 suut,

322 1271 429 1304 quum
456 1271 526 1293 non
551 1258 754 1293 cohaereant
779 1271 857 1293 eum
884 1272 984 1293 versu
1011 1262 1184 1304 sequente.
1236 1259 1363 1293 Tranio
1387 1259 1479 1293 enim

323 1322 529 1370 respondere
563 1323 679 1370 potuit
713 1336 763 1359 vs.
789 1325 889 1359 470:.
913 1341 930 1363 η
946 1322 1035 1367 Quia
1062 1327 1183 1368 septem
1209 1336 1332 1359 meuses
1357 1323 1478 1366 suut,”

323 1391 405 1431 cet.‚
434 1388 494 1422 sed
515 1391 591 1423 tum
614 1388 719 1423 etiam
737 1388 775 1423 111
794 1388 993 1434 quaestione
1012 1388 1240 1436 Theuropidis
1258 1388 1373 1434 aliqua
1390 1392 1480 1423 certe

324 1453 453 1488 mentio
491 1454 580 1489 facta
622 1467 694 1488 esse
726 1453 901 1489 debuisset
925 1453 966 1488 de
992 1453 1153 1489 intranda
1179 1453 1292 1489 domo.
1332 1453 1479 1488 Videtur

323 1519 358 1553 in
386 1518 501 1553 codice
527 1519 634 1553 fuisse
660 1518 782 1553 lacuna
814 1522 847 1552 et
872 1522 991 1565 postea
1017 1518 1128 1553 aliena
1156 1531 1259 1553 manu
1278 1518 1359 1553 haee
1379 1518 1479 1553 verba

322 1598 339 1618 e
367 1597 415 1619 VS.
442 1585 514 1619 472
542 1583 714 1631 adscripta
741 1597 824 1619 esse.

421 1649 482 1684 Vs.
509 1649 593 1684 471.

520 1714 623 1749 Nemo
649 1715 741 1749 iutro
768 1715 884 1750 tetulit
911 1740 1141 1748 .......

327 1779 453 1814 Tetulib
479 1778 615 1826 saepius
642 1782 755 1814 exstat
780 1779 817 1814 iu
835 1779 978 1814 Plauto:
1004 1777 1056 1812 Cf.
1078 1777 1205 1824 Amph.
1232 1776 1287 1812 II:
1317 1779 1355 1812 2:
1386 1778 1475 1820 178,

323 1844 418 1879 Men.
458 1842 517 1878 II:
559 1845 599 1878 3:
642 1845 706 1887 35,
749 1843 818 1878 IV:
860 1845 900 1878 2:
941 1845 1006 1886 26,
1050 1843 1109 1885 72,
1151 1841 1240 1877 Rud.
1278 1841 1370 1877 Prol.
1411 1843 1475 1885 68,

321 1908 390 1943 IV:
421 1909 461 1943 l:
492 1910 524 1944 2.
1047 1918 1049 1920 ’

421 1973 481 2010 Vs.
509 1975 593 2010 475.

321 2040 383 2074 ΤΒ.
422 2041 587 2085 Caputale
612 2041 797 2087 factumst.
836 2040 902 2074 ΤΗ.
931 2039 1023 2083 Quid
1047 2039 1084 2073 id
1109 2035 1185 2073 est?
1217 2050 1282 2072 uon
1309 2037 1476 2082 incelleqo.

321 2104 451 2139 Omnes
477 2104 611 2139 codices
638 2105 756 2139 favent
782 2104 986 2151 scriptura-e:

321 2169 384 2204 ΤΒ.
415 2170 579 2214 Capitalis
603 2171 695 2205 aedis
708 2171 817 2217 facta
840 2173 901 2204 est.
946 2168 1012 2202 ΤΗ.
1040 2167 1118 2202 Non
1145 2167 1312 2212 iutelleqo.

322 2246 407 2279 quae
433 2246 493 2269 cur
519 2234 735 2282 improbetur
760 2233 919 2280 equidem
947 2245 1016 2268 non
1044 2232 1154 2267 video.
1199 2231 1365 2279 Capitalis
1383 2232 1477 2267 locus

321 2298 414 2334 eninr
452 2298 580 2334 dicitur
619 2300 647 2334 is
688 2299 816 2345 (inquit
854 2298 1008 2345 Festus),
1039 2297 1115 2342 ubi,
1144 2298 1170 2332 si
1200 2298 1282 2344 quid
1310 2297 1475 2332 violatum
