1752 2978
877 247 897 281 8

307 337 432 385 coepit.
483 337 634 384 Roganti
672 339 734 384 (vs.
772 338 858 384 452)
886 337 971 383 quid
996 338 1043 373 sit
1069 338 1160 384 quod
1185 338 1284 374 aedes
1311 339 1466 376 occlusae

306 402 378 437 sint
408 415 471 437 nec
497 401 678 448 quisquam
704 402 836 450 aperiat
860 403 1065 450 respondet,
1092 403 1153 438 has
1179 403 1278 438 aedes
1302 404 1465 451 capitales

306 469 412 503 factas
437 479 510 503 esse
530 469 593 515 (vs.
612 469 717 514 477),
745 470 927 516 propterea
953 468 1045 515 quod
1070 468 1107 504 in
1133 468 1177 503 iis
1203 468 1327 517 hospes
1347 469 1464 517 hospi-

305 538 376 568 tem
409 537 564 569 necasset
600 535 661 580 (vs.
697 534 796 580 479).
837 533 1074 581 Theuropides
1112 534 1259 569 miratur
1296 538 1464 581 rogatque

306 598 365 648 qui
391 597 429 634 id
455 598 567 634 sciant
592 599 660 646 (vs.
687 599 787 645 483).
820 598 948 634 Tranio
975 602 1092 634 narrat
1118 598 1353 634 Philolachem
1380 611 1462 645 qua-

306 663 384 697 dam
419 667 521 698 nocte
547 663 585 698 in
611 663 756 698 somniis
781 663 911 698 vidisse
937 667 1110 710 spectrum
1136 663 1265 698 mortui
1291 664 1383 709 quod
1409 664 1463 698 illi

305 731 477 763 narrasset
509 730 608 763 atrox
641 727 794 772 facium,
829 740 897 774 quo
933 727 1032 763 aedes
1059 728 1220 764 scelestae
1245 728 1354 764 factae
1380 732 1463 764 sunt

306 794 369 839 (vs.
403 794 627 840 496—505).
655 792 736 840 Ipse
761 805 880 828 servus
898 793 1040 829 simulat
1057 793 1244 830 formidine
1262 807 1298 829 se
1315 794 1461 842 corripi,

304 858 424 894 audito
459 858 575 905 aliquo
602 858 752 905 strepitu
780 859 844 905 (vs.
873 859 975 905 508),
1003 871 1047 894 ne
1073 859 1204 894 scilicet
1229 859 1463 907 Theuropides

304 923 450 958 fortasse
475 935 649 959 rumorem
675 922 857 969 quemdam
883 935 1003 958 eorum
1029 923 1089 969 qui
1114 923 1211 959 intus
1238 927 1319 959 sunt
1345 924 1464 959 audire

305 1001 341 1022 se
370 991 509 1035 putaret
537 989 600 1035 (vs.
630 989 727 1034 507).
791 987 1077 1034 colloquentibus
1103 988 1303 1035 supervenit
1326 973 1464 1024 danista

305 1066 324 1087 a
351 1065 418 1099 quo
446 1056 627 1100 argentum
645 1056 805 1088 mutuum
823 1056 975 1088 sumtum
998 1056 1082 1089 erat.
1119 1052 1243 1088 Servus
1260 1065 1367 1099 quum
1384 1066 1463 1089 eum

304 1117 403 1152 audit
435 1129 560 1164 magno
592 1118 739 1152 clamore
775 1120 1011 1164 reposcentem
1049 1117 1231 1164 pecuniam
1265 1119 1327 1164 (νε.
1355 1119 1461 1165 576),

304 1195 434 1218 novum
460 1182 579 1218 dolum
606 1182 780 1230 excogitat
804 1194 848 1218 ne
874 1195 978 1218 senex
1002 1195 1118 1218 veram
1136 1195 1272 1219 causam
1290 1183 1461 1220 resciscat.

306 1247 496 1293 Quaerenti
533 1247 700 1283 nimirum
732 1247 945 1295 Theuropidi
977 1260 1063 1294 quae
1089 1248 1136 1283 sit
1158 1248 1226 1284 ista
1248 1249 1395 1296 pecunia
1421 1250 1464 1285 de

305 1326 373 1359 quo
412 1313 516 1349 homo
554 1313 710 1360 loquitur
752 1314 814 1360 (νε.
856 1314 1078 1361 filo—626.)
1118 1314 1244 1350 Tranio
1278 1314 1464 1362 respondet

306 1379 543 1414 Philolachem
571 1379 671 1414 aedes
697 1378 848 1414 Simonis
875 1379 982 1414 vicini
1009 1379 1150 1423 emisse,
1177 1382 1359 1427 postquam
1383 1393 1463 1416 suae

305 1443 400 1479 domi
427 1444 556 1479 factum
583 1447 657 1479 erat
683 1443 776 1490 quod
801 1443 954 1479 narravit
983 1445 1045 1490 (νε.
1074 1445 1301 1491 640—641),
1323 1457 1463 1492 sperans

303 1511 377 1545 fore
415 1513 454 1545 ut
480 1522 585 1545 senex
610 1509 674 1545 hac
701 1509 933 1557 explicatione
959 1513 1049 1545 esset
1074 1513 1258 1545 contentus
1284 1523 1347 1545 nec
1372 1510 1463 1546 ultra

304 1588 376 1610 rem
409 1574 615 1621 exquireret.
678 1574 748 1610 Hic
780 1574 933 1622 gaudens
967 1575 1077 1610 filium
1115 1575 1262 1623 vestigia
1298 1588 1360 1612 sua
1384 1589 1460 1623 pre-

303 1653 414 1683 mere,
442 1640 547 1675 solvit
572 1640 752 1687 pecuniam
779 1640 952 1684 danistae;
990 1653 1095 1686 quum
1119 1644 1234 1676 tamen
1252 1641 1351 1676 aedes
1369 1654 1460 1676 sum-

303 1705 370 1740 mis
408 1704 569 1740 laudibus
608 1704 746 1740 extollit
785 1717 903 1740 servus
943 1705 1006 1751 (νε.
1043 1706 1147 1751 645),
1179 1705 1217 1740 in
1251 1709 1402 1741 mentem
1429 1707 1460 1742 ei

303 1770 399 1806 venit
425 1770 517 1818 ipsas
544 1770 713 1818 inspicere
734 1771 797 1817 (vs.
817 1771 1042 1817 674—675).
1070 1770 1205 1806 Iterum
1230 1770 1349 1807 haeret
1379 1771 1460 1807 Tra-

304 1835 363 1870 nio
395 1848 458 1871 nec
491 1835 558 1871 scit
600 1835 685 1882 quid
715 1835 911 1871 faciendum
951 1835 998 1871 sit
1037 1837 1098 1882 (vs.
1128 1837 1356 1883 676—678);
1384 1840 1460 1872 tan-

304 1901 382 1936 dem
408 1913 444 1936 se
470 1900 610 1948 expedit
635 1901 788 1947 dicitque
805 1900 1018 1948 Theuropidi
1036 1912 1173 1935 necesse
1191 1912 1264 1935 esse
1281 1900 1462 1947 provideat

302 1978 345 2001 ne
381 1965 458 2012 quis
493 1965 540 2000 sit
574 1965 633 2011 qui
669 1965 803 2001 aditum
837 1965 1038 2013 prohibeat,
1064 1965 1120 2001 cui
1147 1965 1334 2001 assentitur
1359 1978 1461 2001 senex

303 2032 366 2076 (vs.
409 2032 638 2077 681—683).‚
684 2031 810 2065 Tranio
848 2043 940 2065 nunc
976 2030 1050 2065 adit
1088 2030 1281 2074 Simonem,
1320 2030 1461 2066 simulat

302 2095 556 2143 Theuropidem
584 2096 671 2131 velle
710 2095 885 2131 aedificare
923 2095 1023 2131 aedes
1057 2095 1101 2130 ad
1134 2108 1291 2131 normam
1324 2095 1460 2132 aedium

301 2162 472 2205 Simonis,
508 2165 607 2209 rogat
643 2161 752 2208 igitur
789 2164 828 2196 ut
861 2160 914 2196 illi
950 2161 1052 2196 liceat
1078 2173 1134 2196 eas
1160 2161 1339 2208 inspicere.
1366 2162 1460 2197 Simo

302 2226 427 2262 annuit
453 2230 488 2262 et
513 2226 750 2274 Theuropides
777 2238 855 2261 cum
882 2225 1054 2261 Tranione
1080 2225 1200 2262 intrat.

403 2292 553 2329 Miratur
600 2306 702 2329 senex
750 2292 859 2329 filium
902 2304 1002 2328 suum
1042 2295 1111 2328 tam
1158 2292 1316 2340 pulchras
1361 2292 1460 2329 aedes
