1752 2978
847 290 890 323 10

391 379 437 414 3⁰.
470 378 724 425 Argumentum
749 377 884 414 fabulae
911 382 945 414 et
970 378 1117 415 actionis
1142 391 1339 428 processum
1366 393 1444 417 con-

291 443 473 486 sideranti,
507 455 577 478 non
610 446 738 478 temere
771 446 921 478 statuere
947 456 1046 490 posse
1073 434 1159 479 milii
1193 444 1313 480 videor
1337 446 1446 481 Actus

290 511 324 543 et
360 507 483 543 Scenas
509 507 559 543 sic
584 510 624 544 ut
650 508 754 556 vulgo
780 508 1063 556 distinguuntur,
1090 521 1161 545 non
1186 508 1273 545 bene
1299 509 1445 558 disposi-

289 577 344 608 tos
369 586 453 609 esse.
505 574 684 609 Nimirum
721 575 830 609 Actus
856 574 902 609 1¹¹⁸
927 575 1132 610 terminatur
1160 575 1265 622 vulgo
1290 588 1341 611 vs.
1361 577 1445 619 347,

289 638 356 674 11¹·-
387 651 438 675 vs.
472 640 562 683 531,
604 639 691 674 111⁰·
722 651 773 676 vs.
807 640 896 683 857,
936 639 1016 675 1V¹¹⁸
1051 652 1102 677 vs,
1137 641 1245 676 1040.
1309 639 1446 676 Horum

289 705 441 739 Actuum
460 704 583 739 tertius
601 708 635 739 et
653 707 794 749 quartus
812 707 903 739 recte
927 705 1175 748 terminantur,
1208 705 1340 751 primus
1365 717 1446 740 vero

289 771 324 803 et
357 768 527 803 secundus
561 780 632 803 non
664 771 797 804 rectum
830 768 960 804 habent
994 769 1139 805 exitum.
1198 768 1321 805 Novus
1353 770 1446 804 enim

289 833 399 867 Actus
425 845 560 879 semper
586 832 822 868 instituendus
841 833 929 868 mihi
946 833 1085 869 videtur
1111 833 1189 877 ubi,
1216 837 1314 880 parte
1340 833 1445 868 actio-

289 897 344 933 nis
386 900 543 945 peracta,
582 897 723 944 aliquod
761 897 929 946 temporis
966 898 1118 946 spatium
1156 898 1341 934 intercedit
1379 911 1446 945 quo

289 963 458 999 transitus
489 964 549 999 fiat
580 963 624 999 ad
657 966 791 1011 partem
823 966 1041 1011 sequentem,
1074 977 1160 1011 quae
1186 976 1255 1000 non
1281 964 1331 999 ita
1355 967 1447 999 arcte

290 1041 368 1065 cum
403 1028 626 1077 praecedente
659 1028 834 1073 cohaeret,
869 1042 1003 1077 quaque
1029 1029 1111 1066 novi
1138 1029 1222 1077 quid
1248 1029 1286 1065 in
1312 1042 1447 1065 scenam

289 1094 419 1142 prodit.
470 1095 576 1130 Scena
609 1094 750 1129 interim
785 1094 1034 1142 aliquantisper
1059 1107 1165 1131 vacua
1189 1095 1448 1142 relinquebatur

290 1158 373 1194 dum
399 1158 530 1195 tibicen
547 1162 758 1207 spectatores
776 1162 879 1195 cantu
905 1159 1113 1205 delectabat,
1141 1160 1240 1208 cujus
1266 1160 1316 1195 rei
1335 1172 1447 1195 exem-

289 1224 387 1271 plum
410 1224 577 1260 habemus
603 1224 719 1260 Pseud
749 1224 786 1259 I:
816 1226 854 1260 5:
884 1226 975 1269 160,
1002 1225 1062 1261 ubi
1088 1225 1187 1260 finito
1214 1224 1328 1272 primo
1354 1225 1448 1260 Actu

290 1301 379 1324 unus
404 1288 616 1324 histrionum
642 1289 745 1325 dicit:

528 1354 659 1390 Tibicen
684 1367 742 1390 vos
766 1354 897 1390 interea
922 1354 976 1390 hie
1001 1354 1230 1390 delectaverit.

390 1419 489 1464 Quae
515 1431 622 1465 quum
650 1418 700 1454 ita
735 1418 807 1454 sint
839 1418 932 1454 haud
963 1419 1102 1454 difficile
1128 1418 1196 1454 erit
1220 1418 1330 1453 Actus
1356 1420 1448 1453 recto

289 1484 411 1520 ordine
453 1484 656 1520 describere.
716 1484 874 1520 Primum
908 1484 1048 1531 quidem
1083 1498 1103 1520 a
1128 1497 1179 1520 vs.
1207 1485 1278 1519 348
1306 1482 1448 1519 initium

289 1549 431 1585 secundi
458 1550 568 1585 Actus
593 1562 667 1585 esse
692 1549 827 1596 nequit.
879 1549 1105 1584 Praecedenti
1132 1549 1226 1584 enim
1244 1549 1369 1591 Scena,
1397 1561 1447 1583 vs.

291 1615 507 1659 313-847,
541 1613 749 1650 describitur
781 1613 1016 1650 commissatio
1043 1613 1255 1650 Philolachis
1282 1618 1317 1649 et
1343 1612 1446 1649 Calli-

289 1680 437 1716 damatis
469 1693 548 1716 cum
574 1680 711 1716 amatis.
763 1680 972 1715 Potantibus
998 1684 1032 1716 et
1057 1679 1303 1716 bacchantibus
1330 1692 1446 1726 super-

289 1745 386 1780 venit
424 1745 568 1788 Tranio,
604 1744 812 1790 nuntiatque
846 1748 979 1792 patrem
1013 1744 1225 1780 Philolachis
1258 1744 1446 1779 advenisse.

289 1811 374 1846 Jure
411 1823 482 1846 non
521 1812 788 1846 consentaneum
828 1809 915 1846 mihi
952 1809 1091 1846 videtur
1133 1812 1255 1857 putare
1297 1808 1447 1856 primum

290 1877 418 1910 Actum
437 1874 618 1910 terminari
641 1874 937 1918 commissatione,
958 1874 1104 1910 alterum
1122 1874 1275 1922 incipere
1291 1873 1446 1908 admoni-

290 1940 404 1983 tione,
424 1943 464 1975 ut
488 1939 732 1975 commissandi
750 1939 853 1975 finem
878 1939 1024 1983 faciant,
1052 1938 1133 1986 quia
1158 1939 1242 1974 haec
1268 1941 1339 1973 tam
1357 1941 1448 1974 arcte

291 2006 494 2048 cohaerent,
511 2008 552 2040 ut
571 2005 738 2052 temporis
757 2004 897 2050 aliquod
922 2004 1144 2040 intervallum
1170 2004 1262 2039 inter
1288 2016 1327 2038 ea
1352 2016 1447 2051 prae-

289 2070 477 2118 terlapsum
502 2082 576 2105 esse
602 2082 673 2105 non
699 2069 746 2104 sit
771 2068 961 2117 probabile.
1015 2068 1143 2116 Finges
1174 2068 1241 2103 tibi
1268 2067 1448 2114 quemdam

289 2135 348 2181 qui
374 2135 492 2171 illiciti
520 2135 605 2181 quid
631 2134 731 2178 facit,
760 2134 878 2169 subito
904 2134 1001 2169 adest
1025 2133 1151 2179 aliquis
1177 2133 1236 2179 qui
1262 2137 1380 2168 monet
1405 2146 1448 2168 ne

289 2200 381 2236 ultra
411 2201 590 2247 procedat,
619 2199 812 2247 periculum
838 2198 932 2234 enim
958 2211 1031 2234 esse
1056 2211 1099 2234 ne
1126 2211 1253 2245 poenas
1279 2198 1361 2234 facti
1388 2198 1447 2233 da-

289 2268 388 2300 turus
423 2264 488 2308 sit,
524 2265 625 2301 facile
658 2263 822 2300 concedes
860 2263 951 2299 inter
978 2267 1160 2310 utrumque
1186 2263 1314 2299 factum
1340 2262 1446 2309 quod-

290 2330 369 2366 dam
396 2333 533 2379 tempus
560 2329 767 2378 praeterlabi
795 2329 831 2365 in
859 2342 959 2366 scena
985 2341 1054 2366 non
1081 2343 1196 2377 posse,
1224 2329 1307 2375 quin
1335 2328 1448 2364 omnis
