1752 2978
871 346 919 387 '7⁷7

545 442 621 477 Non
648 442 719 486 ira,
747 456 832 489 quae
851 445 1010 488 procudit
1035 457 1146 487 enses,

595 507 640 542 Et
665 508 801 543 miseras
826 508 979 544 inimicat
1004 511 1110 544 urbes.

415 570 473 606 Vs.
503 573 586 608 629.

467 637 556 671 Adeo
581 637 681 672 etiam
695 638 835 683 foenus
861 638 1022 673 creditum
1048 639 1181 683 arqenti
1207 640 1317 674 audio.

315 701 411 736 Adeo
442 700 505 736 hoc
541 701 615 737 loco
653 701 757 737 habet
792 701 862 737 vim
893 703 1038 748 auqendi
1069 702 1141 738 sive
1167 703 1384 748 intendendi,
1426 708 1465 740 ut

314 765 395 800 haec
421 765 522 801 verba
547 767 596 801 sic
621 767 820 814 explicanda
847 767 935 802 sint:
966 768 1056 806 'slmc
1081 769 1182 802 etiam
1207 771 1352 811 accedit,
1377 771 1467 816 quod

314 829 446 866 audio”
476 835 541 867 cet.
573 830 624 867 Cf.
652 831 779 880 Amph.
806 831 842 867 I:
873 833 913 868 1:
946 833 1027 868 101.

413 897 485 931 Hoc
509 897 589 931 adeo
616 897 675 931 boc
700 897 903 932 commemini
928 898 1043 942 maqis.

317 959 406 995 Ibid.
434 960 494 996 II:
522 962 563 995 2:
591 961 649 995 55.

418 1025 587 1073 Quomque
616 1027 695 1061 adeo
722 1027 807 1062 cives
837 1027 980 1063 Thebani
1005 1040 1082 1063 vero
1102 1028 1295 1075 rumificont
1313 1031 1464 1074 probam.

316 1090 368 1126 Cs.
395 1103 497 1138 porro
522 1091 604 1126 Aul.
630 1090 701 1125 IV:
729 1093 769 1125 2:
799 1092 864 1134 16,
892 1090 991 1138 capt.
1018 1091 1075 1126 II:
1099 1094 1140 1126 2:
1170 1093 1235 1136 98,
1264 1092 1341 1128 III:
1372 1095 1414 1128 3:
1434 1095 1468 1129 4.

317 1155 410 1191 Men.
437 1156 530 1191 Prol.
560 1157 625 1200 21,
653 1155 722 1191 IV:
752 1157 790 1191 2:
818 1157 884 1200 32,
912 1160 947 1191 et
972 1156 1054 1192 alibi
1082 1157 1235 1204 passim..

414 1220 473 1255 Vs.
502 1221 585 1255 632.

430 1285 531 1321 Velim
557 1285 686 1332 quidem
711 1287 821 1321 hercle
844 1290 884 1321 ut
902 1299 969 1321 uno
994 1299 1124 1321 nummo
1140 1288 1224 1332 plu-3
1241 1292 1355 1333 petas.

318 1350 411 1385 Haec
443 1349 546 1384 verba
569 1350 695 1384 Tranio
723 1350 926 1397 pronuntiat
950 1350 1017 1393 ita,
1045 1354 1084 1386 ut
1109 1355 1188 1398 post
1205 1356 1307 1396 petas
1333 1352 1468 1399 aposio-

317 1415 407 1462 pesis
433 1414 613 1450 statuenda
637 1414 700 1459 sit3
727 1413 893 1449 nimirum
920 1415 1092 1450 sententia
1117 1416 1199 1451 haec
1225 1420 1295 1452 est:
1325 1435 1343 1456 η
1355 1417 1384 1451 si
1402 1430 1471 1452 uno

317 1492 457 1514 nummo
484 1479 562 1527 plus
588 1482 720 1527 peteres
746 1491 849 1526 quam
875 1479 941 1515 tibi
964 1479 1122 1525 debetur,
1150 1484 1240 1516 certe
1271 1493 1326 1516 me
1352 1485 1468 1516 tenere

318 1557 387 1580 non
416 1557 550 1592 possem
577 1544 660 1591 quin
689 1548 723 1580 te
749 1557 935 1580 enecarem.

417 1610 478 1646 Vs.
506 1612 576 1645 640
605 1622 656 1656 sq.

404 1675 493 1710 Nam
509 1679 689 1723 postquam
714 1676 793 1711 haec
815 1675 911 1711 aedes
937 1675 988 1710 ita
1012 1679 1112 1711 erant
1137 1680 1177 1711 ut
1204 1676 1275 1711 dixi
1302 1677 1382 1720 tibi,

408 1741 604 1776 Continuost
628 1741 718 1776 alias
740 1740 832 1776 aedis
857 1744 1021 1775 mercatus
1046 1741 1119 1776 sibi.

321 1805 370 1840 Hi
409 1818 525 1841 versus
557 1805 661 1852 vulgo
696 1805 858 1852 leguntur
883 1808 963 1852 post
988 1817 1039 1840 vs.
1066 1806 1157 1848 650,
1185 1805 1245 1840 ubi
1272 1818 1373 1841 nemo
1400 1819 1470 1841 non

320 1870 482 1906 concedat
502 1871 614 1906 alieno
633 1870 709 1906 loco
728 1870 860 1918 positos
878 1882 960 1905 esse.
975 1869 1163 1915 Postquam
1182 1870 1274 1904 enim
1292 1875 1472 1917 rogaverat

320 1934 572 1983 Theuropides‚
597 1934 682 1982 quid
695 1947 734 1971 eo
748 1937 890 1982 argento
910 1933 1038 1969 factum
1056 1936 1164 1977 esset,
1184 1934 1275 1980 quod
1300 1947 1319 1970 a
1338 1934 1473 1971 danista

321 2001 542 2045 sumsissent,
576 2004 611 2037 et
646 2001 772 2037 Tranio
810 1999 1049 2048 responderat,
1076 2000 1311 2036 Philolachem
1350 2001 1472 2036 emisse

321 2065 438 2111 aedes,
465 2079 567 2102 senex
589 2078 702 2102 seeum
729 2065 831 2101 dicit:
858 2063 983 2113 ''Eche
1000 2064 1213 2101 Philolaches
1225 2067 1393 2113 patrissat
1411 2067 1473 2113 (vs.

321 2132 393 2165 638
433 2132 517 2178 sq.);
555 2135 590 2167 et
620 2130 763 2174 Tranio,
801 2130 897 2176 quasi
930 2129 1041 2164 oratio
1067 2141 1137 2164 non
1163 2129 1308 2177 abrupta
1334 2130 1472 2174 fuisset,

321 2195 434 2244 pergit
458 2196 554 2243 loqui
581 2199 617 2233 et
642 2209 778 2232 oausam
804 2207 978 2239 enarrare,
997 2207 1057 2230 cur
1076 2194 1170 2230 erilis
1188 2195 1279 2230 filius
1296 2195 1357 2231 has
1374 2195 1474 2231 aedes

321 2261 478 2306 emisset,
515 2261 607 2308 quod
631 2265 710 2309 apte
736 2261 845 2297 facere
870 2272 941 2296 non
966 2260 1084 2308 potuit
1107 2264 1187 2307 post
1212 2273 1262 2296 vs,
1289 2262 1379 2304 650,
1407 2273 1475 2308 quo

321 2327 396 2363 loco
428 2340 497 2362 non
525 2340 635 2362 sermo
664 2330 717 2362 est
742 2326 784 2362 de
810 2338 910 2361 causa
936 2325 1120 2370 emtionis3
1148 2325 1207 2360 sed
1233 2325 1274 2361 de
1301 2326 1414 2373 pretio
1442 2330 1476 2361 et

322 2393 497 2430 arrabone.
