1752 2978
863 230 933 263 104

308 332 379 366 cap.
410 320 474 363 13,
501 318 598 354 Brut.
627 330 699 366 cap.
727 319 791 362 63,
820 318 861 353 de
887 319 989 355 Finn.
1008 318 1047 354 II
1065 330 1136 366 cap.
1156 318 1189 352 6.
1222 316 1337 352 Senec.
1355 316 1457 364 Epist

307 385 353 420 45
390 384 479 420 med.
514 383 595 420 Aul.
622 382 713 419 Gell.
738 382 786 419 N.
812 384 856 420 A.
884 384 903 419 I
935 397 995 433 cap
1024 387 1056 420 2.
1108 383 1198 419 Item
1221 382 1370 418 sumitur
1393 394 1456 430 pro

295 450 447 497 fraude,
474 449 679 495 deceptione,
706 460 772 495 qua
798 448 875 495 quis
899 449 1047 495 capitur.
1074 448 1126 484 Cf.
1154 447 1256 483 Plaut
1280 446 1381 494 Epid.
1397 446 1455 482 II:

309 517 347 549 2:
385 516 468 550 114.
514 513 585 549 Cic.
621 526 684 561 pro
712 513 835 558 Quint.
864 526 936 560 cap.
966 516 1024 549 16.
1076 514 1183 560 Gajus
1208 512 1285 559 Dig.
1312 511 1455 546 XXIX:

308 579 346 613 3:
376 579 408 614 7.
443 577 584 626 Ulpian.
612 577 683 612 IV:
711 578 751 612 1:
779 578 813 613 1.

404 643 466 679 Vs.
494 645 577 679 924.

527 707 631 753 qun’
658 709 714 743 abs
741 712 773 743 te
797 707 906 743 ausim
932 721 999 744 non
1025 721 1155 752 cavere,
1182 711 1246 743 eet.

306 773 337 810 I.
372 786 401 809 e.
444 772 589 820 '‘Egone
627 786 668 808 ea
707 772 773 808 sim
807 772 931 808 fiducia
961 776 1002 809 ut
1035 773 1095 809 abs
1122 776 1156 809 te
1181 786 1251 808 non
1277 783 1423 808 caveam.
1433 769 1455 786 ”

306 837 465 873 Ceterum
491 837 852 881 animadvertendum,
889 837 1038 874 comicos
1072 841 1190 886 poetas
1224 837 1332 873 solere
1361 848 1457 872 senes

306 903 432 950 fingere
458 903 585 939 deliros
612 906 647 939 et
672 902 849 947 credulos,
877 902 928 938 ita
945 907 1078 947 tamen,
1097 908 1138 939 ut
1155 903 1377 939 simulacrum
1395 902 1455 937 ali-

306 968 398 1014 quod
423 967 613 1015 sapientiae
638 980 718 1016 prae
743 980 779 1002 se
805 967 928 1003 ferant.

306 1086 372 1121 ΤΗ.
401 1032 468 1132 Ξᾳῗ
493 1035 581 1121 ῗὲἓι
591 1045 681 1121 sgdvi
707 1089 793 1121 recte
822 1085 901 1132 [Ta.
928 1098 1006 1121 eave
1025 1086 1122 1122 ,modo
1148 1085 1252 1121 alios.-
1277 1085 1374 1129 mihi,
1401 1086 1459 1132 qui

454 1151 515 1187 tibi
530 1151 635 1199 fidem

312 1217 418 1263 Usque
442 1216 589 1259 servavi,
615 1216 740 1263 hercle]
768 1229 838 1251 eam
859 1216 951 1251 debes
968 1216 1117 1261 qratiam
1135 1220 1236 1263 atque
1252 1216 1361 1251 animo
1379 1228 1457 1251 meo.

304 1280 381 1316 Hos
399 1292 535 1324 versus,
555 1280 768 1328 conjunctim
786 1280 932 1328 scriptos
942 1308 951 1324 ‚
979 1279 1190 1328 Theuropidi
1208 1279 1359 1316 tributos
1377 1279 1456 1316 offe-

305 1349 388 1380 runt
414 1344 567 1381 Weisius
594 1348 629 1380 et
655 1345 704 1381 Le
730 1345 858 1389 Maire,
886 1345 935 1380 sic
960 1345 1128 1392 legentes:

304 1409 371 1446 ΤΗ.
410 1410 479 1456 qu
510 1410 596 1446 enim
621 1410 697 1446 cavi
721 1414 828 1446 reete:
853 1423 921 1446 eam
948 1410 1029 1446 mihi
1054 1411 1147 1446 debeo
1169 1410 1333 1456 qratiam,
1360 1413 1460 1457 atque

452 1475 562 1510 animo
587 1488 666 1511 meo.
900 1467 902 1470 ¹

306 1539 398 1586 quod
424 1539 609 1586 quominus
627 1539 792 1587 probetur
810 1539 971 1587 prohibet
988 1543 1136 1576 metrum
1155 1543 1190 1576 et
1203 1540 1306 1575 lectio
1324 1539 1398 1575 cod.
1417 1539 1458 1575 B.

354 1614 423 1659 qu
449 1614 535 1650 enim
561 1613 635 1649 cavi
661 1618 749 1650 recte
776 1642 784 1650 .
813 1642 821 1650 .
850 1642 857 1650 .
886 1642 895 1650 .
922 1615 1005 1650 Eam
1031 1594 1120 1650 debis
1142 1615 1289 1661 qratiam
1316 1618 1415 1661 atque

502 1679 612 1714 animo
638 1691 717 1715 meo.

306 1742 400 1778 Hinc
426 1746 567 1790 apparet
592 1745 628 1778 et
653 1742 810 1778 lacunam
837 1755 909 1778 esse
943 1755 1006 1778 neo
1030 1742 1099 1790 legi
1125 1755 1226 1790 posse
1260 1743 1340 1777 mihi
1366 1742 1460 1777 debeo

305 1807 397 1854 quod
422 1821 441 1843 e
467 1807 584 1843 codice
610 1807 640 1843 B
666 1807 744 1843 elici
770 1821 841 1843 non
868 1811 981 1854 queat.
1034 1808 1131 1853 Quae
1158 1821 1262 1855 quum
1290 1808 1339 1842 ita
1365 1807 1458 1850 sint,

304 1872 380 1908 luce
406 1872 530 1908 clarius
556 1876 608 1908 est
634 1872 754 1908 verba:
785 1885 883 1913 neam
908 1874 999 1909 debes
1020 1872 1199 1919 qratianffl
1218 1876 1282 1908 cet.
1301 1885 1371 1907 non
1388 1885 1460 1907 esse

304 1936 551 1985 Theuropidis,
580 1937 724 1983 ideoque
750 1937 915 1973 Tranioni
943 1937 1127 1973 tribuenda
1152 1950 1225 1972 esse
1243 1940 1278 1972 et
1296 1936 1459 1983 quaedam

306 2001 491 2046 excidisse,
521 2014 606 2048 quae
632 2001 716 2037 satis
742 2002 920 2050 ingeniose
946 2002 1121 2051 supplevit
1147 2001 1366 2038 Ritschelius.

401 2066 462 2103 Vs.
491 2068 699 2103 940—945.
738 2066 780 2102 In
808 2067 934 2104 Codice
960 2068 992 2103 A
1019 2070 1210 2114 sequuntur
1236 2079 1294 2102 sex
1320 2080 1456 2110 versus,

306 2145 451 2179 quorum
478 2136 594 2168 tamen
621 2133 672 2168 nil
698 2133 768 2168 fere
793 2137 949 2181 superest
973 2133 1043 2169 nisi
1069 2133 1205 2168 litterae
1231 2132 1392 2179 quaedam
1424 2137 1458 2168 et

303 2198 435 2245 apices,
464 2198 588 2244 quibus
615 2198 770 2234 versibus
795 2211 909 2234 senem
935 2196 1088 2234 ludibrio
1115 2197 1249 2243 haberi,
1275 2198 1360 2234 mihi
1382 2199 1456 2245 qui-

304 2263 381 2299 dem
408 2276 485 2300 cum
512 2263 701 2300 Ritschelio
727 2276 926 2312 persuasum
954 2267 1016 2300 est.
