1752 2978
856 294 924 328 116

311 382 474 429 captiosis
511 382 625 417 verbis
658 382 839 427 insectari,
868 383 1063 431 illaqueare.
1117 383 1168 418 Cf.
1195 382 1310 419 Plaut.
1335 384 1463 431 Amph.

310 447 348 481 I:
392 448 431 481 1:
460 448 549 481 269:
576 447 658 493 quid
682 460 731 482 me
754 452 871 492 captas
894 450 1077 496 earnufex,
1107 448 1201 483 Men.
1228 447 1299 482 IV:
1329 450 1367 482 2:
1396 449 1461 482 88:

309 512 408 547 viden
442 516 481 547 uc
505 512 663 547 scelestus
687 516 823 558 captat,
851 513 928 549 huie
952 517 1161 560 eur-reptasti,
1188 525 1254 548 non
1279 512 1350 548 tibi.
1390 511 1462 548 Cic.

310 577 415 612 Aoad.
444 576 495 611 IV
520 589 593 623 cap.
622 579 680 612 29.
728 578 872 623 captare
897 592 970 614 eum
995 579 1108 625 aliquo
1133 581 1185 612 est
1210 577 1373 624 captiosis
1387 590 1461 613 ver-

308 641 362 677 bis
399 653 477 676 cum
516 641 631 687 aliquo
670 642 896 687 contendere,
931 644 1082 691 captiose
1115 642 1167 678 uti
1195 646 1233 678 ut
1259 641 1461 690 decipiatur.

307 705 439 742 Eodem
477 706 579 741 modo
618 706 745 742 dicitur
780 711 820 743 ut
859 709 1071 754 expostulare
1094 721 1166 743 eum
1190 707 1320 755 aliquo,
1348 720 1463 743 cavere

307 784 379 805 eum
405 760 537 817 aliquo,
565 784 616 806 VS.
645 773 754 807 1142.
791 774 898 808 Orare
921 786 993 808 eum
1018 773 1131 819 aliquo
1157 772 1232 807 Cas.
1259 772 1315 807 II:
1343 774 1383 807 5:
1403 774 1460 807 16.

308 836 403 882 queri
427 848 500 870 eum
526 836 640 882 aliquo
667 835 738 872 Cic.
766 837 809 872 ad
834 837 929 872 Fam.
955 837 1015 871 III
1033 837 1123 884 epist
1143 839 1208 880 10,
1228 836 1305 872 Liv.
1324 836 1460 871 XXXV

308 913 380 946 cap.
410 902 443 935 8.
501 902 656 935 Oscularz'
682 914 754 935 eum
780 901 894 946 aliquo
921 901 1034 936 Plaut.
1064 902 1142 936 Mil.
1170 902 1228 936 II:
1259 904 1299 936 2:
1329 903 1386 936 90.

407 964 467 1000 Vs.
497 966 605 1000 1073.

312 1030 414 1064 Verba
429 1030 485 1063 illi
503 1042 569 1064 non
587 1030 692 1074 maqis
708 1030 791 1064 dare
808 1029 903 1064 bodie
920 1030 1092 1075 quisquam
1111 1043 1209 1075 quam
1224 1031 1331 1076 lapidi
1339 1036 1461 1076 potest.

307 1095 429 1141 Lapis,
470 1107 585 1129 saoeum
620 1095 763 1141 figurate
793 1094 955 1129 dicuntur
986 1094 1027 1130 de
1059 1107 1118 1138 eo,
1151 1095 1210 1141 qui
1241 1097 1338 1143 quasi
1367 1097 1461 1132 omni

306 1172 408 1193 sensu
448 1162 554 1201 caret,
595 1159 667 1193 sive
706 1160 747 1193 de
786 1159 926 1205 stupido
967 1159 1039 1193 sive
1067 1159 1108 1193 de
1135 1160 1275 1194 homine
1293 1161 1351 1205 qui
1370 1161 1461 1195 flecti

307 1224 427 1259 nescit.
457 1223 509 1259 Cf.
548 1223 627 1258 Mil.
666 1222 736 1257 IV:
780 1225 819 1258 2:
860 1225 924 1267 34,
970 1224 1114 1259 Nullum
1148 1228 1197 1259 est
1223 1225 1282 1260 hoc
1306 1226 1462 1261 stolidius

307 1302 434 1323 samum.
484 1289 653 1322 Similiter
687 1288 827 1322 Graecis
865 1292 1049 1334 usurpatur
1071 1286 1185 1331 πέτρα.
1238 1289 1341 1335 Soph.
1374 1291 1459 1325 Oed.

308 1353 350 1389 R.
377 1354 460 1389 335.

359 1419 412 1452 καὶ
436 1416 501 1463 γάρ
523 1416 564 1451 ἄν
585 1415 709 1463 πέτρου
734 1415 834 1463 φύσιν
861 1418 907 1465 (h.
935 1432 964 1454 e.
991 1417 1122 1466 πέτρον)
1150 1416 1397 1464 σύγ’ὀργάνειας.

407 1483 468 1519 Vs.
498 1484 605 1518 1081.

306 1550 373 1585 ΤΗ.
405 1549 495 1588 Quid
518 1547 614 1583 iam?
639 1549 702 1583 ΤΒ.
729 1549 818 1591 Seio,
846 1549 969 1584 iocaris
995 1562 1084 1584 nune
1110 1554 1172 1584 tu.-
1199 1564 1274 1585 nam
1301 1552 1361 1587 ille
1386 1554 1458 1598 qm'-

481 1614 552 1649 dem
578 1615 661 1648 aaut
687 1614 802 1659 edepol
826 1618 936 1659 neqat.

309 1680 413 1715 Hunc
430 1692 566 1715 versum
583 1679 685 1725 vulgo
704 1683 905 1726 expungunt
924 1680 1091 1723 editores,
1112 1681 1214 1715 male:
1234 1693 1350 1716 revera
1368 1682 1459 1717 enim

307 1757 378 1779 non
416 1743 586 1787 abundat,
627 1743 687 1778 sed
722 1743 862 1779 mirifice
894 1744 1009 1791 pingit
1038 1745 1192 1780 animum
1218 1745 1459 1782 meticulosum

306 1810 505 1853 Tranionis,
525 1808 654 1845 conscii
672 1808 740 1843 sibi
759 1808 1034 1853 malefactorum,
1054 1813 1089 1844 et
1107 1810 1263 1845 timentis
1276 1824 1320 1846 ne
1333 1825 1459 1858 poenas

306 1874 525 1921 gravissimas
563 1874 707 1909 daturus
746 1874 803 1908 sit.
854 1874 983 1908 Tuetur
1015 1887 1092 1909 eum
1118 1875 1223 1910 codex
1250 1878 1366 1918 vetus;
1402 1877 1461 1911 sed

309 1937 404 1974 abest
430 1951 449 1974 a
476 1938 591 1974 codiee
617 1937 760 1973 verbum
786 1939 914 1983 edepol,
942 1951 1009 1984 quo
1036 1941 1149 1974 tamen
1168 1939 1294 1974 omisso
1313 1943 1460 1976 metrum

305 2004 474 2040 claudicat
481 2019 491 2048 ς
530 2007 705 2052 praeterea
736 2003 882 2038 inservit
919 2003 956 2038 id
987 2005 1109 2051 majori
1137 2004 1367 2041 affirmationi.
1407 2005 1459 2042 Cf.

306 2085 356 2109 vs,
386 2072 501 2115 1088,
531 2072 626 2106 1092
654 2073 719 2105 cet.

405 2136 467 2172 Vs.
495 2137 603 2170 1085.

303 2202 418 2248 Neque
442 2213 476 2236 se
502 2202 599 2236 hasce
623 2199 716 2235 aedis
734 2198 919 2234 vendidisse
936 2211 1040 2245 neque
1056 2198 1120 2234 sibi
1137 2204 1312 2245 amentum
1329 2200 1458 2236 datum.

305 2265 408 2300 Hunc
434 2278 570 2301 versum
590 2263 780 2300 necessario
800 2263 895 2309 sequi
914 2263 1015 2299 debet
1032 2276 1235 2310 responsum
1253 2265 1457 2308 Tranionis,

305 2344 372 2379 quo
396 2331 540 2375 omisso,
565 2330 668 2366 verba
693 2328 921 2376 Theuropidis
949 2342 998 2365 VS.
1027 2330 1134 2374 1087,
1165 2329 1279 2370 ssDim'
1300 2343 1355 2376 eqo
1373 2330 1460 2365 istuc
