1752 2978
825 319 893 354 107

386 409 446 444 Vs.
474 411 556 446 973.

286 473 353 509 ΤΗ.
373 473 529 518 Quanti?
547 476 637 509 ADV.
660 474 812 520 Priqinta
831 474 981 509 talentis.
996 473 1112 509 ΡΗΛΝ.
1131 470 1179 517 μοὶ
1195 470 1252 506 τόν
1261 468 1430 511 Ἀπόλλω,

384 543 434 574 set
459 539 567 575 minis.

287 603 317 639 1.
344 617 373 640 e.
412 617 530 649 anon,
566 617 626 652 per
661 603 878 652 Apollinem,
906 603 1051 651 triginta
1076 603 1234 647 talentis,
1261 603 1319 639 sed
1346 601 1428 638 toti-

286 669 364 704 dem
390 669 529 705 minis.”

383 734 444 770 Vs.
471 736 553 771 974.

353 788 422 834 Ain
445 789 544 834 ritimis
569 800 713 845 triqinta
737 800 874 834 amicam
901 799 1084 834 destinasse
1109 798 1364 836 Philolachem?

287 862 428 897 Codices
445 863 573 898 habent
590 863 792 899 destinatam
809 863 1038 899 Philolachem
1055 863 1109 898 vel
1127 863 1328 898 destinatum
1346 862 1428 897 Phi-

287 928 463 971 lolachem,
490 927 581 963 unde
606 932 747 976 apparet
771 928 952 975 legendum
971 940 1043 963 esse
1061 927 1113 963 vel
1132 928 1332 963 destinatam
1346 928 1428 962 Phi-

286 992 426 1035 lolachi,
451 996 491 1027 ut
517 992 710 1031 Gulielmus
735 993 838 1040 legit,
866 996 1004 1029 auctore
1029 992 1225 1036 Gronovi0‚
1253 992 1306 1027 vel
1328 992 1428 1027 desti-

287 1069 381 1092 nasse
419 1058 664 1102 Philolachem,
704 1062 745 1093 ut
782 1058 1001 1094 Ritschelius.
1054 1057 1162 1104 Optio
1201 1057 1315 1092 dubia.
1379 1056 1429 1091 De

285 1120 380 1156 verbi
405 1122 573 1158 destinare
597 1122 845 1170 significatione
871 1122 923 1158 Of.
950 1126 1067 1158 annot.
1094 1122 1137 1157 ad
1163 1134 1211 1157 vs.
1240 1123 1322 1156 646.

382 1186 442 1223 Vs.
471 1189 552 1223 982.

313 1251 467 1297 Triqinla
489 1252 614 1296 minae,
636 1266 725 1298 prae
756 1266 854 1299 quam
879 1254 965 1288 alios
989 1253 1131 1298 dapsilis
1155 1257 1305 1298 sumptus
1319 1251 1430 1299 facil.

284 1316 442 1361 Dapeilee
466 1321 636 1362 mmptue,
663 1317 687 1353 i.
714 1330 744 1353 e.
770 1318 899 1364 largo-⁴³,
927 1317 1102 1365 copiosos,
1129 1317 1358 1360 abundantes,
1377 1316 1430 1351 Cf.

285 1381 366 1417 Aul.
393 1381 450 1416 II:
478 1383 517 1417 1:
544 1383 589 1418 47
617 1383 709 1419 dotes
733 1382 890 1429 dapsiles.
923 1382 1048 1419 Pseud.
1074 1382 1125 1418 V:
1154 1383 1195 1417 1:
1223 1383 1268 1417 23
1294 1393 1344 1428 sq.
1381 1394 1431 1417 eo·

284 1447 391 1481 rollae
424 1447 580 1493 dapsiles.
616 1446 750 1483 Colum.
787 1447 855 1483 IV:
889 1449 933 1483 27
961 1460 989 1483 s.
1016 1448 1041 1483 f.
1069 1447 1122 1483 Id.
1150 1447 1228 1482 III:
1257 1449 1289 1482 2.
1342 1446 1434 1481 Prae

284 1524 401 1557 qaam,
431 1524 519 1557 prae
547 1517 604 1556 ul,
634 1526 723 1558 prae
756 1514 860 1559 quod,
894 1526 912 1548 e
939 1513 1072 1560 vulgari
1098 1525 1252 1547 sermone
1278 1512 1434 1547 desumta

284 1580 366 1613 sunt
391 1590 411 1612 a
435 1578 585 1614 comicis.
617 1578 661 1614 In
686 1579 740 1614 his
758 1592 848 1625 prae
872 1578 1042 1626 significat
1067 1578 1374 1626 comparationem,
1394 1582 1433 1613 ut

284 1654 402 1677 sensus
435 1643 498 1678 sit:
533 1634 552 1683 ᾖ
562 1643 805 1688 comparatione
821 1645 930 1691 facta
962 1644 1106 1680 alio-rum
1131 1657 1212 1690 quoe
1224 1644 1325 1691 facil
1345 1656 1431 1678 sum-

278 1706 441 1752 ptuum.'’
493 1707 544 1744 Of.
572 1708 707 1744 Terent.
734 1708 823 1745 Eun.
850 1708 906 1744 II:
934 1711 972 1745 3:
1000 1711 1021 1744 9
1048 1722 1098 1756 sq.

415 1773 546 1808 Dudum
571 1774 739 1821 iocumque
763 1775 855 1809 dicae
868 1775 988 1822 fuisse
1012 1775 1111 1809 illum
1138 1776 1301 1817 alterum,

415 1837 507 1872 Prae
531 1842 571 1872 ut
594 1838 693 1873 huius
718 1839 824 1874 rabies
846 1851 929 1885 quae
954 1839 1056 1874 dabit.

285 1902 398 1938 Plaut.
450 1902 577 1950 Amph.
604 1902 660 1938 II:
687 1905 726 1938 2:
755 1906 787 1939 2.
816 1904 909 1940 Men.
936 1904 995 1939 II:
1024 1906 1064 1939 3:
1093 1906 1138 1938 29
1164 1916 1215 1950 sq.

382 1966 442 2002 Vs.
471 1969 554 2003 984.

354 2032 500 2068 Tranio.-
521 2033 552 2068 is
577 2034 633 2069 vel
656 2034 799 2070 Herculi
824 2038 992 2070 conterere
1015 2038 1186 2081 quaestum
1207 2035 1343 2080 possiet.

283 2097 426 2132 Herculi
462 2102 630 2134 conterere
664 2104 854 2145 quaestum,
894 2100 917 2135 i.
945 2113 974 2135 e.
1013 2100 1188 2142 Herculis,
1228 2099 1356 2135 dicitur
1389 2101 1430 2135 de

283 2161 439 2208 prodigO.
492 2162 677 2199 Salmasius
725 2163 775 2199 ita
822 2163 983 2211 explicat:
1034 2164 1175 2199 Herculi
1218 2164 1431 2200 vovebantur

282 2226 438 2270 decimae,
467 2239 552 2273 quae
578 2228 685 2263 facete
711 2233 867 2275 quaestus
893 2230 966 2276 ejus
992 2242 1011 2265 a
1037 2229 1166 2265 comico
1186 2230 1347 2266 dicuntur
1354 2246 1364 2274 3
1392 2235 1432 2266 ut

283 2303 400 2326 sensus
426 2292 488 2327 sit:
533 2311 551 2331 η
563 2292 592 2327 is
619 2295 754 2328 tantum
779 2305 977 2330 consumere
1002 2295 1131 2342 possit,
1160 2298 1326 2341 quantum
1342 2295 1430 2331 Her-

283 2355 369 2391 culis
408 2356 557 2393 decimas
580 2357 818 2405 aequiparet.''
853 2359 905 2394 De
932 2360 984 2395 his
1011 2360 1152 2395 decimis
1178 2360 1230 2396 Cf.
1256 2360 1431 2396 Plutarch.
