1752 2978
836 382 875 416 3]

283 473 428 520 primam
455 472 620 520 syllabam
644 473 782 519 longam
801 472 976 519 positione
994 471 1117 513 debili,
1146 469 1189 504 ob
1208 471 1340 504 mutam
1359 480 1437 503 cum

283 538 433 585 liquida;
471 537 531 573 sed
558 536 919 581 animadvertendum,
958 535 1219 582 antiquissimos
1249 536 1369 582 politas
1399 533 1437 568 in

282 605 455 651 positione
492 603 599 639 debili
629 615 816 649 numquam
842 602 1029 650 producere
1060 600 1236 649 syllabam.
1252 636 1254 638 ,
1269 599 1322 635 Cf.
1356 598 1435 634 Mu-

283 681 378 705 seum
408 668 500 704 Phil.
532 667 642 704 Rhen.
662 667 736 703 VII
765 679 842 714 pag.
871 668 954 702 610.

381 734 442 769 Vs.
470 734 554 768 120.

456 797 688 832 Primumdum
706 800 869 842 parentes
884 796 989 843 fabri
1015 796 1153 831 liberum
1178 799 1269 831 sunt.

283 863 533 905 Primumdum,
560 861 688 908 legitur
714 861 752 896 in
777 861 856 897 Mil.
886 860 946 895 II:
976 862 1016 895 3:
1044 862 1102 895 26.
1136 859 1231 895 Trin.
1259 860 1295 894 I:
1321 861 1361 894 2:
1388 860 1433 893 61

280 932 318 962 et
343 927 490 974 saepius.

384 992 445 1026 Vs.
475 992 546 1026 124
573 1003 623 1036 sq.

515 1055 646 1102 Sibique
669 1058 735 1090 aut
756 1054 916 1090 maceriae
940 1059 1146 1100 nepam-unt,

516 1120 586 1156 Nec
610 1124 741 1155 sumtus
765 1120 828 1155 sibi
852 1120 980 1155 nummi
1006 1132 1074 1156 esse
1100 1120 1237 1155 ducunt.

286 1185 335 1220 Hi
362 1197 480 1220 versus
508 1185 595 1220 mihi
621 1185 671 1220 ita
697 1185 807 1220 dividi
833 1185 956 1220 debere
981 1185 1155 1220 videntus.

385 1249 515 1296 Sibique
540 1254 602 1285 aut
630 1249 791 1285 materiae
815 1262 857 1284 ne
878 1253 1046 1295 pareunt,
1074 1262 1133 1285 nec
1158 1254 1310 1295 sumptus

572 1314 641 1350 Sibi
666 1314 814 1360 sumptui
839 1327 907 1350 esse
931 1315 1071 1350 ducunt.

285 1382 325 1413 ut
350 1379 524 1413 evitentur
550 1378 722 1414 baochiaci
747 1378 917 1423 trimetri,
945 1379 1004 1425 qui
1022 1379 1149 1415 nullibi
1167 1380 1237 1414 fere
1254 1379 1438 1414 inveniun-

286 1446 354 1479 tur.
382 1443 434 1478 Of.
462 1455 512 1478 vs.
541 1444 587 1478 89
614 1455 664 1489 sq.

385 1508 446 1544 Vs.
473 1510 555 1544 130.

573 1574 823 1611 Adminio-ulum
849 1574 896 1609 ei⁸
921 1574 1055 1609 danunt
1081 1577 1145 1610 cet.

287 1641 450 1684 Danant,
490 1653 552 1688 pro
587 1641 673 1676 dant
697 1640 852 1688 positum
879 1640 1057 1675 invenitl'u·
1088 1653 1222 1687 quoque
1248 1640 1356 1676 Mero.
1384 1641 1440 1676 II:

289 1707 330 1740 1:
358 1707 399 1748 2,
428 1705 522 1740 Pers.
550 1705 606 1739 II:
633 1707 672 1739 3:
700 1704 807 1748 6‚V:
828 1706 869 1739 2:
891 1705 955 1747 75,
981 1704 1107 1740 Pseud.
1126 1705 1205 1740 III:
1225 1707 1265 1740 1:
1285 1707 1326 1749 1,
1346 1705 1441 1741 Rud.

288 1769 370 1805 III:
398 1770 438 1805 1:
467 1771 504 1813 2,
533 1769 633 1806 Truc.
660 1769 697 1805 I:
725 1771 763 1805 2:
792 1770 858 1813 85,
886 1769 1100 1806 11:1234.

386 1834 447 1870 Vs.
475 1836 558 1870 132.

338 1898 454 1944 Iqitur
473 1903 543 1933 tum
568 1898 728 1944 specimen
754 1898 921 1942 cernitur,
949 1911 1012 1946 quo
1038 1899 1170 1934 eveniat
1192 1898 1391 1947 aedificatio.

289 1964 404 2009 Iyitur
455 1963 546 2011 apud
590 1962 751 2009 antiquos
787 1963 971 2011 script-ores
1008 1964 1184 1999 interdum
1224 1964 1260 1999 in
1299 1963 1442 2012 apodosi

289 2029 442 2077 ponitur.
471 2029 585 2065 Plaut.
611 2028 738 2076 Amph.
765 2028 801 2064 I:
830 2030 870 2065 1:
900 2030 946 2064 54
976 2048 995 2070 u
1006 2029 1061 2065 sin
1087 2029 1191 2065 aliter
1193 2058 1352 2066 .....
1380 2030 1442 2075 iqi-

291 2093 391 2139 tur'’,
420 2093 495 2130 Cas.
521 2093 580 2129 II:
607 2095 645 2129 2:
675 2094 733 2129 39.
755 2106 875 2137 nmo-v,
904 2094 1008 2140 maqis
1036 2122 1043 2130 .
1072 2123 1079 2130 .
1110 2123 1117 2130 .
1148 2123 1155 2130 .
1179 2094 1298 2140 iyitur.
1317 2094 1443 2130 Lucret

289 2159 346 2194 II:
387 2161 457 2196 676
491 2164 599 2195 cetera
633 2158 797 2194 consimili
825 2187 832 2194 .
863 2187 870 2194 .
900 2187 908 2195 .
938 2187 945 2194 .
972 2159 1091 2205 iqitur.
1120 2159 1173 2197 Cf.
1191 2160 1290 2196 Ferd.
1311 2160 1443 2195 Handii

289 2225 434 2260 Tursell.
462 2224 522 2261 ΙΙΙ
548 2237 582 2271 p.
611 2225 680 2259 185
708 2236 758 2269 sq.

388 2289 449 2325 Vs.
478 2290 561 2325 135.

414 2354 555 2397 Postea,
581 2366 681 2402 quom
706 2354 903 2401 immiyravi
926 2356 1098 2403 inqenium
1123 2357 1159 2390 in
1186 2368 1295 2391 meum
1310 2381 1320 2398 ,

291 2420 465 2466 Inqenium
492 2432 552 2467 per
578 2419 751 2467 synizesin
776 2418 972 2466 legendum.
