1752 2978
888 316 908 350 3

325 406 480 442 texendis
499 409 534 442 et
552 406 677 455 duplex
695 406 830 442 exstitit
843 406 1038 443 comoediae
1056 419 1180 454 genus,
1196 419 1303 443 unum
1321 419 1388 454 quo
1408 406 1476 442 Ro-

324 472 417 507 mani
456 485 566 508 mores
604 472 852 520 pingebantur,
880 485 965 518 quae
1000 472 1135 508 fabulae
1160 473 1310 519 Togatae
1336 476 1477 507 vocatae

325 540 424 581 sunt,
451 550 594 584 quarum
620 537 749 584 injuria
774 536 940 584 temporis
965 549 1037 571 non
1062 537 1132 572 nisi
1158 549 1267 584 pauca
1292 540 1327 572 et
1352 536 1477 583 exigua

324 602 515 649 fragmenta
539 601 640 638 nobis
666 605 849 649 supersunt
877 601 948 648 (Cf.
974 601 1173 645 Neukirch‚
1207 601 1248 637 de
1280 601 1396 637 fabula
1422 606 1475 637 to-

325 671 404 713 gata
428 668 689 714 Romanorum).
741 666 868 701 Melior
895 667 1035 701 fortuna
1060 667 1210 713 contigit
1235 666 1393 702 Palliatis
1418 679 1474 702 co-

325 731 489 776 moediis,
529 744 614 778 quae
648 731 702 767 vel
737 731 879 767 omnino
905 730 961 766 vel
998 743 1060 778 pro
1086 734 1183 778 parte
1209 731 1338 767 Graeca
1364 745 1475 767 exem-

325 796 434 843 plaria
457 796 693 839 imitabantur,
720 799 755 831 et
780 795 818 831 in
844 796 968 842 quibus
988 796 1171 831 maximam
1196 800 1328 843 partem
1354 797 1476 832 Graeci

326 873 437 897 mores
475 861 512 896 in
551 873 651 896 scena
700 860 986 904 ostendebantur,
1035 873 1178 907 quarum
1216 861 1353 907 quidem
1392 861 1476 896 satis

326 937 472 973 magnus
497 938 660 961 numerus
685 929 832 961 aetatem
866 925 950 961 tulit
975 925 1065 961 unde
1091 925 1243 962 indolem
1269 929 1303 961 et
1329 926 1476 961 colorem

325 1002 527 1037 cognoscere
551 990 733 1038 possimus.
786 989 918 1026 Comici
956 990 1096 1034 Graeci,
1146 1003 1229 1037 quos
1264 994 1399 1026 secutus
1425 994 1478 1025 est

325 1054 470 1089 Plautus
505 1058 587 1090 sunt
618 1055 673 1090 hi:
714 1054 923 1098 Menander,
958 1054 1138 1102 Diphilus,
1175 1054 1376 1098 Philemon,
1410 1054 1476 1090 De-

326 1119 517 1166 mophilus,
538 1119 629 1166 quod
646 1132 664 1154 e
681 1119 833 1167 prologis
851 1119 1096 1155 nonnullarum
1114 1119 1306 1155 fabularum
1325 1122 1476 1167 apparet.

326 1184 382 1219 Sic
399 1185 560 1221 Asinaria
578 1185 714 1220 imitata
731 1188 784 1221 est
801 1182 941 1230 Ὀναγόν
956 1185 1156 1233 Demophili
1177 1185 1283 1231 (ΡΙ-01.
1303 1186 1475 1230 10-11),

327 1248 498 1284 Mercator
515 1246 690 1293 ’Έμπορον
715 1249 929 1285 Philemonis
948 1250 1055 1296 (Prol.
1075 1250 1220 1295 9—10),
1254 1248 1477 1284 Trinummus

330 1310 513 1358 Θησαυρόν
550 1314 765 1350 Philemonis
793 1314 899 1360 (Prol.
934 1315 1114 1360 18—20)‚
1152 1313 1293 1348 Rudens
1327 1313 1477 1348 fabulam

327 1377 463 1426 Diphili
492 1378 599 1425 (Prol.
617 1379 700 1425 ³32),
728 1378 806 1414 Mil.
826 1378 923 1414 Glor.
941 1378 1092 1414 fabulam
1109 1374 1280 1419 Ἀκίὰζονα
1308 1379 1398 1425 (Aet.
1417 1377 1476 1413 II:

328 1444 367 1478 l:
397 1445 444 1490 8).
472 1444 574 1489 Quod
600 1443 720 1479 multis
745 1443 831 1479 locis
857 1443 1052 1479 comoediae
1078 1443 1226 1479 Graecae
1252 1444 1377 1480 titulus
1402 1449 1478 1480 tan-

328 1511 403 1543 tum
430 1508 555 1543 citatus
581 1512 633 1543 est
641 1536 652 1552 ,
680 1508 807 1543 omisso
833 1508 974 1543 nomine
998 1512 1138 1556 poetae,
1174 1509 1277 1556 hujus
1303 1510 1353 1544 rei
1379 1522 1479 1545 causa

328 1572 415 1607 mihi
425 1572 562 1607 videtur
579 1585 667 1615 esse,
688 1573 779 1618 quod
796 1572 919 1607 comici
937 1573 1059 1608 Graeci
1068 1600 1079 1616 ‚
1092 1573 1275 1620 praecipue
1289 1574 1478 1609 Menander

326 1636 458 1683 publici
481 1637 570 1684 juris
598 1637 681 1672 facti
708 1640 822 1672 essent
848 1650 951 1683 quare
982 1649 1052 1672 non
1078 1650 1214 1673 necesse
1240 1642 1329 1673 esset
1353 1651 1478 1674 nomen

326 1704 445 1749 poetae
470 1701 562 1748 addi.
595 1701 647 1737 Cf.
674 1701 810 1737 Terent.
834 1701 960 1738 Heaut.
988 1701 1076 1738 Tim.
1104 1702 1198 1738 Prol.
1227 1704 1322 1738 8-9

474 1768 520 1802 Et
545 1768 623 1814 cuja
652 1768 780 1802 Graeca
801 1767 867 1810 sit,
894 1768 931 1802 ni
948 1772 1086 1813 partem
1108 1781 1292 1804 maa-umam

474 1832 709 1867 Existimarem
735 1833 820 1867 scire
843 1836 1011 1875 vostr-um,
1040 1833 1079 1867 id
1102 1833 1251 1868 dicerem.

425 1897 555 1933 Graeca
591 1897 745 1945 exempla
770 1897 912 1944 insuper
940 1900 1111 1933 testantur
1136 1898 1228 1942 loca,
1256 1898 1316 1934 ubi
1342 1911 1395 1934 res
1421 1900 1474 1946 agi

326 1963 513 2008 finguntur,
540 1975 625 2008 quae
658 1966 740 1997 sunt
765 1975 896 2009 semper
922 1966 982 1997 aut
1007 1962 1155 1997 Athenis
1180 1967 1240 1998 aut
1265 1963 1390 1999 Thebis
1416 1969 1477 1999 aut

326 2026 511 2074 Epidamni
537 2029 597 2063 aut
622 2026 766 2074 Sicyone
797 2030 879 2070 cet„
919 2030 993 2062 tum
1026 2027 1186 2063 nonnulli
1217 2028 1407 2065 Graccismi
1441 2034 1476 2064 et

327 2091 430 2127 verba
455 2105 473 2127 e
499 2092 628 2128 Graeco
655 2104 809 2127 sermone
826 2091 982 2127 desumta
1008 2092 1073 2139 (Cf.
1100 2105 1132 2129 v.
1159 2106 1187 2129 c.
1207 2093 1314 2130 Most.
1333 2107 1382 2130 VS.
1404 2097 1474 2130 912

327 2157 502 2204 genitivus
528 2157 785 2194 exclamationis
816 2157 1015 2193 Mereimoni
1039 2158 1161 2203 lepidi,
1188 2159 1278 2194 Rud.
1297 2159 1356 2195 II:
1386 2163 1424 2196 2:
1454 2163 1474 2195 5

326 2222 496 2258 conchitae
522 2222 617 2259 Pers.
657 2222 736 2258 III:
766 2224 806 2257 1:
835 2223 882 2257 64
908 2224 1090 2270 soracum),
1128 2227 1301 2271 praeterea
1335 2226 1477 2262 nomina

327 2296 548 2334 personarum
571 2288 719 2332 Graeca,
735 2301 767 2324 v.
793 2300 820 2323 c.
848 2288 976 2335 Scapha
999 2301 1018 2323 a
1039 2285 1192 2333 σκάφιον,
1216 2290 1308 2336 quod
1327 2291 1404 2327 Lat.
1424 2296 1476 2326 est

318 2352 447 2396 pelvis,
475 2352 637 2398 quoniam
664 2353 736 2400 ejus
764 2352 910 2388 officium
929 2356 1001 2387 erat
1018 2364 1140 2399 aquam
1162 2354 1216 2389 vel
1234 2354 1286 2390 lac
1303 2356 1475 2391 asininum

1306 2419 1342 2442 1·
