1752 2978
744 369 746 371 ‚
787 317 856 352 109

248 407 465 456 injiciebatur
496 408 616 455 frigori
652 411 686 444 et
717 408 854 456 pluviae
879 407 1061 451 arcendae,
1088 407 1143 443 hic
1179 407 1311 456 tropice
1327 420 1391 456 pro

247 476 461 520 tegumento,
502 473 575 508 sive
607 473 776 508 tutamine
812 472 950 508 dicitur.
997 472 1174 507 Sententia
1205 473 1287 508 haec
1321 477 1391 509 est:

248 537 346 573 Alter
371 550 487 574 servus
513 537 615 573 modo
639 538 756 585 jussus
782 540 835 572 est
860 536 972 581 abire;
997 536 1060 571 hac
1086 536 1127 572 de
1151 549 1188 572 re
1213 537 1329 574 ridens
1358 538 1391 574 ei

246 602 437 649 gratulatur
463 602 671 645 Phaniscus,
698 601 831 636 dicens:
862 619 881 640 n
893 600 1052 645 libertas,
1080 613 1202 648 nempe
1224 602 1389 645 abeundi,

246 679 347 714 quam
372 670 491 703 nactus
517 679 568 711 es,
595 668 713 702 tuetur
737 668 871 713 tergum
895 668 995 701 tuum
1020 678 1040 701 a
1064 665 1192 714 plagis,
1220 679 1302 714 quas
1320 681 1390 704 me·

246 731 334 767 ritus
360 744 452 775 eras;
479 731 566 767 mihi
592 743 663 766 non
689 733 741 765 est
766 730 858 776 quod
883 733 979 776 tergo
1000 742 1078 766 meo
1093 731 1278 768 metuam.-”
1297 732 1391 768 Haec

247 795 349 831 verba
382 795 504 831 melius
532 794 715 831 tribuenda
740 807 813 830 esse
838 794 1009 830 Phanisco
1035 807 1136 842 quam
1161 795 1389 845 Theuropidi‚

247 860 370 896 docent
403 860 506 895 verba
537 872 586 895 vs,
621 861 708 903 992,
742 859 866 906 quibus
900 860 996 905 quasi
1023 861 1311 908 comparationem
1337 862 1389 897 in-

247 925 365 960 stituit
390 924 578 960 Phaniscus
603 924 694 959 inter
719 936 755 959 se
780 927 815 959 et
840 924 1112 960 Advorsitorem.

670 1073 979 1097 *⁴0*—

687 1244 886 1281 SOENA
922 1247 957 1281 4.

730 1367 901 1375 mmm—

349 1445 410 1482 Vs.
438 1446 545 1481 1000.

251 1511 299 1546 S1.
332 1510 446 1546 Etiam
479 1511 545 1545 ΤΗ.
584 1510 676 1549 Quid
707 1511 840 1546 tandem
850 1511 871 1547 ,7
903 1510 953 1546 SI.
983 1510 1059 1547 Vidi
1084 1511 1201 1559 efferri
1224 1516 1396 1548 mortuom.

251 1575 364 1611 Etiam
396 1575 434 1610 in
467 1574 702 1622 respondendo
718 1575 831 1611 >habet-
856 1574 927 1610 vim
953 1575 1142 1611 affirmandi
1169 1579 1203 1611 et
1229 1576 1399 1623 significat

252 1640 318 1684 ita,
345 1652 436 1675 sane.
472 1639 524 1675 Cf.
551 1639 678 1687 Amph.
703 1639 742 1675 Iz
769 1641 807 1675 3:
834 1641 901 1683 46,
930 1640 1036 1676 Merc.
1064 1640 1139 1676 IV:
1168 1642 1213 1676 5:
1244 1642 1302 1677 27.
1326 1640 1397 1677 Cic.

252 1705 357 1741 Acad.
384 1705 436 1740 IV
462 1717 534 1753 cap.
561 1706 606 1740 32
634 1704 723 1741 med.
761 1705 805 1740 Ut
828 1705 1097 1751 probabilitatem
1131 1718 1287 1753 sequens,
1327 1707 1397 1743 ubi-

253 1782 386 1819 cumque
422 1771 501 1805 haec
534 1774 688 1805 occurrat
726 1773 787 1805 aut
820 1769 971 1817 deficiat,
1011 1774 1074 1805 aut
1103 1781 1212 1805 ΕΤΙΑΜ
1237 1775 1299 1806 aut
1325 1783 1398 1807 NON

254 1836 447 1881 respondere
458 1839 580 1880 potest.
607 1834 650 1870 Id
666 1847 729 1882 pro
748 1835 848 1870 Rosc.
876 1833 972 1870 Com.
990 1846 1064 1882 cap.
1079 1835 1113 1870 3.
1147 1835 1265 1870 Utrum
1290 1840 1399 1871 cetera

254 1901 387 1936 nomina
407 1902 521 1943 habes,
540 1913 585 1935 an
602 1901 697 1935 non?
729 1900 767 1935 Si
791 1911 880 1943 NON,
904 1900 1058 1946 quomodo
1085 1901 1218 1935 tabulas
1237 1900 1398 1948 conficis?

255 1966 292 2001 Si
316 1976 444 2010 murm·
468 1967 690 2013 quamobrem,
718 1968 782 2001 cet.
810 1964 902 2001 Plin.
930 1964 981 2000 IV
1007 1964 1108 2013 epist.
1136 1966 1193 2001 13.

353 2032 414 2066 Vs.
442 2033 550 2066 1002.

294 2096 434 2131 Novom.
464 2095 513 2131 SI.
542 2095 643 2131 Modo
671 2095 794 2130 vixisse
818 2094 945 2130 aibant.
971 2093 1037 2129 ΤΗ.
1069 2093 1134 2128 Vae
1158 2093 1261 2138 capiti
1287 2098 1355 2130 tuo.

255 2161 339 2196 Post
363 2160 567 2196 vocabulum
591 2173 705 2196 novom
730 2160 834 2207 vulgo
861 2159 1033 2194 adduntur
1056 2158 1156 2193 haec:

428 2225 477 2261 SI.
503 2238 605 2261 unum
630 2225 701 2260 vidi
724 2228 885 2260 mortuom
909 2223 1024 2272 efferri
1038 2224 1161 2271 forae,

305 2304 389 2338 quae
412 2291 534 2326 iterata
559 2303 631 2325 esse
657 2303 674 2325 e
700 2302 750 2325 vs,
780 2290 872 2324 1000
900 2301 1001 2324 nemo
1029 2288 1096 2324 erit
1123 2289 1182 2335 qui
1205 2300 1276 2324 non
1295 2300 1401 2336 agnos

255 2360 327 2400 cat3
354 2355 555 2391 vocabulum
573 2356 682 2402 foras
712 2357 763 2389 est
789 2353 1061 2389 additamentum
1088 2353 1184 2389 verbi
1210 2354 1338 2401 efferri.
