<?xml version="1.0" encoding="UTF-8"?>
<!DOCTYPE html PUBLIC "-//W3C//DTD XHTML 1.0 Transitional//EN"
    "http://www.w3.org/TR/xhtml1/DTD/xhtml1-transitional.dtd">
<html xmlns="http://www.w3.org/1999/xhtml" xml:lang="en" lang="en">
 <head>
  <title>
</title>
<meta http-equiv="Content-Type" content="text/html;charset=utf-8" />
  <meta name='ocr-system' content='tesseract 3.04.00' />
  <meta name='ocr-capabilities' content='ocr_page ocr_carea ocr_par ocr_line ocrx_word'/>
</head>
<body>
  <div class='ocr_page' id='page_1' title='image "4737243_0052.png"; bbox 0 0 1752 2978; ppageno 0'>
   <div class='ocr_carea' id='block_1_1' title="bbox 851 253 899 286">
    <p class='ocr_par' dir='ltr' id='par_1_1' title="bbox 851 253 899 286">
     <span class='ocr_line' id='line_1_1' title="bbox 851 253 899 286; baseline 0 0"><span class='ocrx_word' id='word_1_1' title='bbox 851 253 899 286; x_wconf 82' lang='lat'><strong>40</strong></span> 
     </span>
    </p>
   </div>
   <div class='ocr_carea' id='block_1_2' title="bbox 278 336 1486 2017">
    <p class='ocr_par' dir='ltr' id='par_1_2' title="bbox 282 336 1486 1366">
     <span class='ocr_line' id='line_1_2' title="bbox 287 336 1445 390; baseline 0.003 -13"><span class='ocrx_word' id='word_1_2' title='bbox 287 343 375 378; x_wconf 81' lang='lat' dir='ltr'><strong>chis:</strong></span> <span class='ocrx_word' id='word_1_3' title='bbox 420 361 437 381; x_wconf 77' lang='lat' dir='ltr'><em>n</em></span> <span class='ocrx_word' id='word_1_4' title='bbox 454 344 519 386; x_wconf 71' lang='lat' dir='ltr'><strong>Ob,</strong></span> <span class='ocrx_word' id='word_1_5' title='bbox 544 344 672 388; x_wconf 62' lang='lat' dir='ltr'><strong>probus»</strong></span> <span class='ocrx_word' id='word_1_6' title='bbox 697 344 788 378; x_wconf 76' lang='lat' dir='ltr'><strong>homo</strong></span> <span class='ocrx_word' id='word_1_7' title='bbox 813 355 901 386; x_wconf 73' lang='lat' dir='ltr'><strong>sum,</strong></span> <span class='ocrx_word' id='word_1_8' title='bbox 930 355 1014 390; x_wconf 83' lang='lat' dir='ltr'><strong>quae</strong></span> <span class='ocrx_word' id='word_1_9' title='bbox 1031 357 1099 389; x_wconf 77' lang='lat' dir='ltr'><strong>pro</strong></span> <span class='ocrx_word' id='word_1_10' title='bbox 1126 356 1176 379; x_wconf 86' lang='lat' dir='ltr'><strong>me</strong></span> <span class='ocrx_word' id='word_1_11' title='bbox 1199 355 1332 381; x_wconf 69' lang='lat' dir='ltr'><strong>causam</strong></span> <span class='ocrx_word' id='word_1_12' title='bbox 1359 336 1445 380; x_wconf 75' lang='lat' dir='ltr'><strong>diee-</strong></span> 
     </span>
     <span class='ocr_line' id='line_1_3' title="bbox 287 406 1445 455; baseline 0.002 -13"><span class='ocrx_word' id='word_1_13' title='bbox 287 412 339 443; x_wconf 74' lang='lat' dir='ltr'><strong>ret</strong></span> <span class='ocrx_word' id='word_1_14' title='bbox 365 411 547 454; x_wconf 74' lang='lat' dir='ltr'><strong>patronum</strong></span> <span class='ocrx_word' id='word_1_15' title='bbox 573 406 747 443; x_wconf 78' lang='lat' dir='ltr'><strong>liberavi”·</strong></span> <span class='ocrx_word' id='word_1_16' title='bbox 771 407 994 443; x_wconf 85' lang='lat' dir='ltr'><strong>manifestum</strong></span> <span class='ocrx_word' id='word_1_17' title='bbox 1020 411 1072 443; x_wconf 82' lang='lat' dir='ltr'><strong>est</strong></span> <span class='ocrx_word' id='word_1_18' title='bbox 1098 410 1253 455; x_wconf 84' lang='lat' dir='ltr'><strong>spectare</strong></span> <span class='ocrx_word' id='word_1_19' title='bbox 1276 407 1320 443; x_wconf 86' lang='lat' dir='ltr'><strong>ad</strong></span> <span class='ocrx_word' id='word_1_20' title='bbox 1345 420 1445 455; x_wconf 80' lang='lat' dir='ltr'><strong>prae-</strong></span> 
     </span>
     <span class='ocr_line' id='line_1_4' title="bbox 286 472 1446 519; baseline 0.001 -12"><span class='ocrx_word' id='word_1_21' title='bbox 286 485 401 519; x_wconf 80' lang='lat' dir='ltr'><strong>gressa</strong></span> <span class='ocrx_word' id='word_1_22' title='bbox 420 472 512 508; x_wconf 90' lang='lat' dir='ltr'><strong>dicta</strong></span> <span class='ocrx_word' id='word_1_23' title='bbox 538 472 757 516; x_wconf 81' lang='lat' dir='ltr'><strong>Phssematii,</strong></span> <span class='ocrx_word' id='word_1_24' title='bbox 785 472 910 518; x_wconf 90' lang='lat' dir='ltr'><strong>quibus</strong></span> <span class='ocrx_word' id='word_1_25' title='bbox 936 473 1067 517; x_wconf 83' lang='lat' dir='ltr'><strong>vetuit,</strong></span> <span class='ocrx_word' id='word_1_26' title='bbox 1096 473 1178 508; x_wconf 74' lang='lat' dir='ltr'><strong>mali</strong></span> <span class='ocrx_word' id='word_1_27' title='bbox 1202 472 1286 519; x_wconf 89' lang='lat' dir='ltr'><strong>quid</strong></span> <span class='ocrx_word' id='word_1_28' title='bbox 1312 473 1350 508; x_wconf 80' lang='lat' dir='ltr'><strong>in</strong></span> <span class='ocrx_word' id='word_1_29' title='bbox 1367 486 1446 509; x_wconf 88' lang='lat' dir='ltr'><strong>eum</strong></span> 
     </span>
     <span class='ocr_line' id='line_1_5' title="bbox 286 537 1446 585; baseline 0.002 -13"><span class='ocrx_word' id='word_1_30' title='bbox 286 537 365 573; x_wconf 88' lang='lat' dir='ltr'><strong>dici.</strong></span> <span class='ocrx_word' id='word_1_31' title='bbox 417 537 464 573; x_wconf 87' lang='lat' dir='ltr'><strong>Et</strong></span> <span class='ocrx_word' id='word_1_32' title='bbox 499 550 585 584; x_wconf 86' lang='lat' dir='ltr'><strong>quae</strong></span> <span class='ocrx_word' id='word_1_33' title='bbox 624 538 706 573; x_wconf 89' lang='lat' dir='ltr'><strong>haec</strong></span> <span class='ocrx_word' id='word_1_34' title='bbox 741 537 974 585; x_wconf 83' lang='lat' dir='ltr'><strong>praecedunt:</strong></span> <span class='ocrx_word' id='word_1_35' title='bbox 1018 551 1120 577; x_wconf 73' lang='lat' dir='ltr'><strong>neum</strong></span> <span class='ocrx_word' id='word_1_36' title='bbox 1157 538 1355 574; x_wconf 70' lang='lat' dir='ltr'><em>medullitus</em></span> <span class='ocrx_word' id='word_1_37' title='bbox 1397 550 1446 574; x_wconf 83' lang='lat' dir='ltr'><strong>me</strong></span> 
     </span>
     <span class='ocr_line' id='line_1_6' title="bbox 284 594 1445 650; baseline 0.002 -13"><span class='ocrx_word' id='word_1_38' title='bbox 284 616 398 639; x_wconf 82' lang='lat' dir='ltr'><strong>amare</strong></span> <span class='ocrx_word' id='word_1_39' title='bbox 406 602 442 647; x_wconf 76' lang='lat'><strong>,³¹</strong></span> <span class='ocrx_word' id='word_1_40' title='bbox 469 603 580 638; x_wconf 90' lang='lat' dir='ltr'><strong>multo</strong></span> <span class='ocrx_word' id='word_1_41' title='bbox 606 603 721 650; x_wconf 84' lang='lat' dir='ltr'><strong>aptius</strong></span> <span class='ocrx_word' id='word_1_42' title='bbox 745 603 957 638; x_wconf 88' lang='lat' dir='ltr'><strong>conveniunt</strong></span> <span class='ocrx_word' id='word_1_43' title='bbox 974 603 1183 638; x_wconf 80' lang='lat' dir='ltr'><strong>Philematio</strong></span> <span class='ocrx_word' id='word_1_44' title='bbox 1202 594 1304 650; x_wconf 81' lang='lat' dir='ltr'><strong>quarn</strong></span> <span class='ocrx_word' id='word_1_45' title='bbox 1323 603 1445 639; x_wconf 84' lang='lat' dir='ltr'><strong>Philo-</strong></span> 
     </span>
     <span class='ocr_line' id='line_1_7' title="bbox 285 661 1443 716; baseline 0.001 -12"><span class='ocrx_word' id='word_1_46' title='bbox 285 668 386 704; x_wconf 84' lang='lat' dir='ltr'><strong>lachi.</strong></span> <span class='ocrx_word' id='word_1_47' title='bbox 425 668 519 704; x_wconf 88' lang='lat' dir='ltr'><strong>Nam</strong></span> <span class='ocrx_word' id='word_1_48' title='bbox 544 668 648 716; x_wconf 86' lang='lat' dir='ltr'><strong>hujus</strong></span> <span class='ocrx_word' id='word_1_49' title='bbox 674 680 769 704; x_wconf 85' lang='lat' dir='ltr'><strong>amor</strong></span> <span class='ocrx_word' id='word_1_50' title='bbox 796 668 858 704; x_wconf 83' lang='lat' dir='ltr'><strong>tali</strong></span> <span class='ocrx_word' id='word_1_51' title='bbox 883 661 1126 704; x_wconf 79' lang='lat' dir='ltr'><strong>testificatione</strong></span> <span class='ocrx_word' id='word_1_52' title='bbox 1151 681 1222 704; x_wconf 90' lang='lat' dir='ltr'><strong>non</strong></span> <span class='ocrx_word' id='word_1_53' title='bbox 1248 668 1443 716; x_wconf 74' lang='lat' dir='ltr'><strong>indigebat,</strong></span> 
     </span>
     <span class='ocr_line' id='line_1_8' title="bbox 284 733 1443 781; baseline 0.001 -13"><span class='ocrx_word' id='word_1_54' title='bbox 284 734 380 769; x_wconf 81' lang='lat' dir='ltr'><strong>illam</strong></span> <span class='ocrx_word' id='word_1_55' title='bbox 413 746 492 769; x_wconf 89' lang='lat' dir='ltr'><strong>vero</strong></span> <span class='ocrx_word' id='word_1_56' title='bbox 514 737 650 776; x_wconf 86' lang='lat' dir='ltr'><strong>contra,</strong></span> <span class='ocrx_word' id='word_1_57' title='bbox 676 734 774 780; x_wconf 88' lang='lat' dir='ltr'><strong>cujus</strong></span> <span class='ocrx_word' id='word_1_58' title='bbox 791 733 893 768; x_wconf 84' lang='lat' dir='ltr'><strong>fidem</strong></span> <span class='ocrx_word' id='word_1_59' title='bbox 911 733 1040 781; x_wconf 80' lang='lat' dir='ltr'><strong>Scapha</strong></span> <span class='ocrx_word' id='word_1_60' title='bbox 1059 733 1220 769; x_wconf 89' lang='lat' dir='ltr'><strong>omnibus</strong></span> <span class='ocrx_word' id='word_1_61' title='bbox 1237 733 1350 769; x_wconf 83' lang='lat' dir='ltr'><strong>modis</strong></span> <span class='ocrx_word' id='word_1_62' title='bbox 1368 737 1443 769; x_wconf 90' lang='lat' dir='ltr'><strong>ten-</strong></span> 
     </span>
     <span class='ocr_line' id='line_1_9' title="bbox 285 798 1457 845; baseline 0.001 -12"><span class='ocrx_word' id='word_1_63' title='bbox 285 803 357 834; x_wconf 83' lang='lat' dir='ltr'><strong>tare</strong></span> <span class='ocrx_word' id='word_1_64' title='bbox 384 802 418 833; x_wconf 90' lang='lat' dir='ltr'><strong>et</strong></span> <span class='ocrx_word' id='word_1_65' title='bbox 455 798 661 834; x_wconf 66' lang='lat' dir='ltr'><strong>iabefactare</strong></span> <span class='ocrx_word' id='word_1_66' title='bbox 682 798 880 842; x_wconf 76' lang='lat' dir='ltr'><strong>studuerat,</strong></span> <span class='ocrx_word' id='word_1_67' title='bbox 909 798 1081 834; x_wconf 79' lang='lat' dir='ltr'><strong>sincerum</strong></span> <span class='ocrx_word' id='word_1_68' title='bbox 1103 810 1183 845; x_wconf 82' lang='lat' dir='ltr'><strong>erga</strong></span> <span class='ocrx_word' id='word_1_69' title='bbox 1209 798 1457 840; x_wconf 23' lang='lat' dir='ltr'><strong>Philokachem-</strong></span> 
     </span>
     <span class='ocr_line' id='line_1_10' title="bbox 284 863 1446 911; baseline 0.001 -13"><span class='ocrx_word' id='word_1_70' title='bbox 284 863 438 898; x_wconf 84' lang='lat' dir='ltr'><strong>animum</strong></span> <span class='ocrx_word' id='word_1_71' title='bbox 464 867 581 911; x_wconf 87' lang='lat' dir='ltr'><strong>aperte</strong></span> <span class='ocrx_word' id='word_1_72' title='bbox 607 863 728 898; x_wconf 85' lang='lat' dir='ltr'><strong>testari</strong></span> <span class='ocrx_word' id='word_1_73' title='bbox 755 863 856 911; x_wconf 87' lang='lat' dir='ltr'><strong>plane</strong></span> <span class='ocrx_word' id='word_1_74' title='bbox 883 863 1035 899; x_wconf 87' lang='lat' dir='ltr'><strong>decebat.</strong></span> <span class='ocrx_word' id='word_1_75' title='bbox 1088 863 1156 899; x_wconf 87' lang='lat' dir='ltr'><strong>His</strong></span> <span class='ocrx_word' id='word_1_76' title='bbox 1181 866 1313 899; x_wconf 78' lang='lat' dir='ltr'><strong>amatae</strong></span> <span class='ocrx_word' id='word_1_77' title='bbox 1340 863 1446 899; x_wconf 76' lang='lat' dir='ltr'><strong>dictis</strong></span> 
     </span>
     <span class='ocr_line' id='line_1_11' title="bbox 284 917 1443 977; baseline 0.001 -14"><span class='ocrx_word' id='word_1_78' title='bbox 284 929 416 975; x_wconf 84' lang='lat' dir='ltr'><strong>optime</strong></span> <span class='ocrx_word' id='word_1_79' title='bbox 452 917 663 976; x_wconf 78' lang='lat' dir='ltr'><strong>respondent</strong></span> <span class='ocrx_word' id='word_1_80' title='bbox 695 928 778 963; x_wconf 91' lang='lat' dir='ltr'><strong>haec</strong></span> <span class='ocrx_word' id='word_1_81' title='bbox 809 928 1038 963; x_wconf 80' lang='lat' dir='ltr'><strong>Philolachis:</strong></span> <span class='ocrx_word' id='word_1_82' title='bbox 1082 946 1100 967; x_wconf 74' lang='lat' dir='ltr'><em>n</em></span> <span class='ocrx_word' id='word_1_83' title='bbox 1116 929 1182 971; x_wconf 70' lang='lat' dir='ltr'><strong>Oh,</strong></span> <span class='ocrx_word' id='word_1_84' title='bbox 1203 929 1326 977; x_wconf 62' lang='lat' dir='ltr'><strong>probus</strong></span> <span class='ocrx_word' id='word_1_85' title='bbox 1351 929 1443 964; x_wconf 70' lang='lat' dir='ltr'><em>homo</em></span> 
     </span>
     <span class='ocr_line' id='line_1_12' title="bbox 283 987 1486 1041; baseline 0.002 -14"><span class='ocrx_word' id='word_1_86' title='bbox 283 992 398 1036; x_wconf 68' lang='lat' dir='ltr'><em>sum‚’&#39;</em></span> <span class='ocrx_word' id='word_1_87' title='bbox 433 996 503 1036; x_wconf 86' lang='lat' dir='ltr'><strong>cet,</strong></span> <span class='ocrx_word' id='word_1_88' title='bbox 538 992 663 1039; x_wconf 82' lang='lat' dir='ltr'><strong>quibus</strong></span> <span class='ocrx_word' id='word_1_89' title='bbox 690 992 850 1040; x_wconf 79' lang='lat' dir='ltr'><strong>deinceps</strong></span> <span class='ocrx_word' id='word_1_90' title='bbox 876 996 954 1040; x_wconf 82' lang='lat' dir='ltr'><strong>apte</strong></span> <span class='ocrx_word' id='word_1_91' title='bbox 981 987 1257 1040; x_wconf 58' lang='lat' dir='ltr'><strong>subjunguntur:</strong></span> <span class='ocrx_word' id='word_1_92' title='bbox 1287 1011 1305 1033; x_wconf 70' lang='grc' dir='ltr'><em>ῃ</em></span> <span class='ocrx_word' id='word_1_93' title='bbox 1317 993 1450 1041; x_wconf 56' lang='lat' dir='ltr'><strong>Edepol*</strong></span> <span class='ocrx_word' id='word_1_94' title='bbox 1482 987 1486 990; x_wconf 39' lang='lat'><strong><em>⁵</em></strong></span> 
     </span>
     <span class='ocr_line' id='line_1_13' title="bbox 284 1057 1446 1105; baseline 0.002 -12"><span class='ocrx_word' id='word_1_95' title='bbox 284 1059 314 1093; x_wconf 77' lang='lat' dir='ltr'><strong>si</strong></span> <span class='ocrx_word' id='word_1_96' title='bbox 352 1059 408 1094; x_wconf 74' lang='lat' dir='ltr'><strong>vel</strong></span> <span class='ocrx_word' id='word_1_97' title='bbox 430 1071 555 1094; x_wconf 68' lang='lat' dir='ltr'><em>summo</em></span> <span class='ocrx_word' id='word_1_98' title='bbox 587 1057 692 1094; x_wconf 78' lang='lat' dir='ltr'><strong>Iovi”</strong></span> <span class='ocrx_word' id='word_1_99' title='bbox 719 1062 791 1102; x_wconf 88' lang='lat' dir='ltr'><strong>cet,</strong></span> <span class='ocrx_word' id='word_1_100' title='bbox 819 1058 945 1105; x_wconf 90' lang='lat' dir='ltr'><strong>quibus</strong></span> <span class='ocrx_word' id='word_1_101' title='bbox 972 1057 1059 1093; x_wconf 89' lang='lat' dir='ltr'><strong>dicit</strong></span> <span class='ocrx_word' id='word_1_102' title='bbox 1084 1071 1119 1093; x_wconf 86' lang='lat' dir='ltr'><strong>se</strong></span> <span class='ocrx_word' id='word_1_103' title='bbox 1147 1061 1346 1105; x_wconf 83' lang='lat' dir='ltr'><strong>argentum,</strong></span> <span class='ocrx_word' id='word_1_104' title='bbox 1375 1071 1446 1105; x_wconf 80' lang='lat' dir='ltr'><strong>que.</strong></span> 
     </span>
     <span class='ocr_line' id='line_1_14' title="bbox 282 1122 1441 1171; baseline 0.001 -13"><span class='ocrx_word' id='word_1_105' title='bbox 282 1136 356 1158; x_wconf 85' lang='lat' dir='ltr'><strong>eam</strong></span> <span class='ocrx_word' id='word_1_106' title='bbox 388 1122 609 1166; x_wconf 86' lang='lat' dir='ltr'><strong>liberaverat,</strong></span> <span class='ocrx_word' id='word_1_107' title='bbox 643 1135 713 1158; x_wconf 92' lang='lat' dir='ltr'><strong>non</strong></span> <span class='ocrx_word' id='word_1_108' title='bbox 740 1122 864 1158; x_wconf 89' lang='lat' dir='ltr'><strong>melius</strong></span> <span class='ocrx_word' id='word_1_109' title='bbox 890 1122 1056 1163; x_wconf 83' lang='lat' dir='ltr'><strong>collocare</strong></span> <span class='ocrx_word' id='word_1_110' title='bbox 1082 1123 1256 1170; x_wconf 88' lang='lat' dir='ltr'><strong>potuisse,</strong></span> <span class='ocrx_word' id='word_1_111' title='bbox 1284 1127 1441 1171; x_wconf 71' lang='lat' dir='ltr'><strong>propter-</strong></span> 
     </span>
     <span class='ocr_line' id='line_1_15' title="bbox 282 1188 1441 1235; baseline 0.001 -12"><span class='ocrx_word' id='word_1_112' title='bbox 282 1201 320 1223; x_wconf 86' lang='lat' dir='ltr'><strong>ea</strong></span> <span class='ocrx_word' id='word_1_113' title='bbox 347 1188 439 1235; x_wconf 92' lang='lat' dir='ltr'><strong>quod</strong></span> <span class='ocrx_word' id='word_1_114' title='bbox 462 1201 502 1224; x_wconf 87' lang='lat' dir='ltr'><strong>eo</strong></span> <span class='ocrx_word' id='word_1_115' title='bbox 529 1201 680 1224; x_wconf 80' lang='lat' dir='ltr'><strong>amorem</strong></span> <span class='ocrx_word' id='word_1_116' title='bbox 707 1188 908 1224; x_wconf 86' lang='lat' dir='ltr'><strong>Philematii</strong></span> <span class='ocrx_word' id='word_1_117' title='bbox 933 1188 1120 1224; x_wconf 83' lang='lat' dir='ltr'><strong>firmiorem</strong></span> <span class='ocrx_word' id='word_1_118' title='bbox 1139 1188 1346 1224; x_wconf 78' lang='lat' dir='ltr'><strong>reddiderat.</strong></span> <span class='ocrx_word' id='word_1_119' title='bbox 1379 1188 1441 1224; x_wconf 88' lang='lat' dir='ltr'><strong>Ce-</strong></span> 
     </span>
     <span class='ocr_line' id='line_1_16' title="bbox 282 1253 1442 1301; baseline 0 -12"><span class='ocrx_word' id='word_1_120' title='bbox 282 1259 394 1289; x_wconf 85' lang='lat' dir='ltr'><strong>terum</strong></span> <span class='ocrx_word' id='word_1_121' title='bbox 412 1258 453 1289; x_wconf 79' lang='lat' dir='ltr'><strong>ut</strong></span> <span class='ocrx_word' id='word_1_122' title='bbox 466 1254 580 1289; x_wconf 76' lang='lat' dir='ltr'><strong>videas</strong></span> <span class='ocrx_word' id='word_1_123' title='bbox 598 1254 784 1300; x_wconf 82' lang='lat' dir='ltr'><strong>significat,</strong></span> <span class='ocrx_word' id='word_1_124' title='bbox 805 1272 822 1293; x_wconf 74' lang='grc' dir='ltr'><em>η</em></span> <span class='ocrx_word' id='word_1_125' title='bbox 832 1253 924 1290; x_wconf 83' lang='lat' dir='ltr'><strong>unde</strong></span> <span class='ocrx_word' id='word_1_126' title='bbox 940 1257 1158 1301; x_wconf 87' lang='lat' dir='ltr'><strong>perspectum</strong></span> <span class='ocrx_word' id='word_1_127' title='bbox 1176 1254 1239 1297; x_wconf 87' lang='lat' dir='ltr'><strong>sit,</strong></span> <span class='ocrx_word' id='word_1_128' title='bbox 1261 1254 1333 1289; x_wconf 84' lang='lat' dir='ltr'><strong>sive</strong></span> <span class='ocrx_word' id='word_1_129' title='bbox 1352 1253 1442 1295; x_wconf 78' lang='lat' dir='ltr'><strong>unde</strong></span> 
     </span>
     <span class='ocr_line' id='line_1_17' title="bbox 283 1305 1032 1366; baseline 0 -12"><span class='ocrx_word' id='word_1_130' title='bbox 283 1322 499 1366; x_wconf 81' lang='lat' dir='ltr'><strong>perspectum</strong></span> <span class='ocrx_word' id='word_1_131' title='bbox 523 1332 595 1354; x_wconf 87' lang='lat' dir='ltr'><strong>esse</strong></span> <span class='ocrx_word' id='word_1_132' title='bbox 622 1318 779 1366; x_wconf 86' lang='lat' dir='ltr'><strong>potest.’¹</strong></span> <span class='ocrx_word' id='word_1_133' title='bbox 1030 1305 1032 1307; x_wconf 89' lang='lat'><em>.</em></span> 
     </span>
    </p>

    <p class='ocr_par' dir='ltr' id='par_1_3' title="bbox 278 1383 1443 2017">
     <span class='ocr_line' id='line_1_18' title="bbox 382 1383 1440 1431; baseline 0.001 -12"><span class='ocrx_word' id='word_1_134' title='bbox 382 1384 572 1419; x_wconf 77' lang='lat' dir='ltr'><strong>Patronum</strong></span> <span class='ocrx_word' id='word_1_135' title='bbox 624 1384 799 1419; x_wconf 88' lang='lat' dir='ltr'><strong>communi</strong></span> <span class='ocrx_word' id='word_1_136' title='bbox 838 1396 962 1431; x_wconf 86' lang='lat' dir='ltr'><strong>genere</strong></span> <span class='ocrx_word' id='word_1_137' title='bbox 1003 1384 1108 1419; x_wconf 85' lang='lat' dir='ltr'><strong>etiam</strong></span> <span class='ocrx_word' id='word_1_138' title='bbox 1148 1383 1217 1419; x_wconf 89' lang='lat' dir='ltr'><strong>dici</strong></span> <span class='ocrx_word' id='word_1_139' title='bbox 1259 1397 1321 1431; x_wconf 92' lang='lat' dir='ltr'><strong>pro</strong></span> <span class='ocrx_word' id='word_1_140' title='bbox 1366 1397 1440 1420; x_wconf 89' lang='lat' dir='ltr'><strong>mu-</strong></span> 
     </span>
     <span class='ocr_line' id='line_1_19' title="bbox 280 1448 1440 1496; baseline 0 -12"><span class='ocrx_word' id='word_1_141' title='bbox 280 1449 385 1492; x_wconf 85' lang='lat' dir='ltr'><strong>liere,</strong></span> <span class='ocrx_word' id='word_1_142' title='bbox 427 1461 513 1495; x_wconf 84' lang='lat' dir='ltr'><strong>quae</strong></span> <span class='ocrx_word' id='word_1_143' title='bbox 552 1462 592 1484; x_wconf 91' lang='lat' dir='ltr'><strong>eo</strong></span> <span class='ocrx_word' id='word_1_144' title='bbox 632 1449 743 1484; x_wconf 87' lang='lat' dir='ltr'><strong>officio</strong></span> <span class='ocrx_word' id='word_1_145' title='bbox 783 1448 960 1496; x_wconf 87' lang='lat' dir='ltr'><strong>fungitur,</strong></span> <span class='ocrx_word' id='word_1_146' title='bbox 1002 1462 1043 1484; x_wconf 86' lang='lat' dir='ltr'><strong>ex</strong></span> <span class='ocrx_word' id='word_1_147' title='bbox 1075 1449 1140 1484; x_wconf 92' lang='lat' dir='ltr'><strong>hoc</strong></span> <span class='ocrx_word' id='word_1_148' title='bbox 1174 1448 1249 1484; x_wconf 85' lang='lat' dir='ltr'><strong>loco</strong></span> <span class='ocrx_word' id='word_1_149' title='bbox 1288 1453 1440 1496; x_wconf 84' lang='lat' dir='ltr'><strong>apparet.</strong></span> 
     </span>
     <span class='ocr_line' id='line_1_20' title="bbox 280 1513 1440 1561; baseline 0 -12"><span class='ocrx_word' id='word_1_150' title='bbox 280 1514 348 1549; x_wconf 88' lang='lat' dir='ltr'><strong>Pro</strong></span> <span class='ocrx_word' id='word_1_151' title='bbox 385 1514 498 1549; x_wconf 89' lang='lat' dir='ltr'><strong>verbis</strong></span> <span class='ocrx_word' id='word_1_152' title='bbox 531 1527 566 1550; x_wconf 82' lang='lat' dir='ltr'><strong>eo</strong></span> <span class='ocrx_word' id='word_1_153' title='bbox 592 1518 731 1559; x_wconf 70' lang='lat' dir='ltr'><strong>arqento</strong></span> <span class='ocrx_word' id='word_1_154' title='bbox 760 1516 822 1561; x_wconf 89' lang='lat' dir='ltr'><strong>(vs.</strong></span> <span class='ocrx_word' id='word_1_155' title='bbox 853 1516 936 1561; x_wconf 79' lang='lat'><strong>243)</strong></span> <span class='ocrx_word' id='word_1_156' title='bbox 948 1542 958 1558; x_wconf 93' lang='lat'><em>‚</em></span> <span class='ocrx_word' id='word_1_157' title='bbox 985 1514 1021 1549; x_wconf 91' lang='lat' dir='ltr'><strong>in</strong></span> <span class='ocrx_word' id='word_1_158' title='bbox 1047 1513 1252 1560; x_wconf 84' lang='lat' dir='ltr'><strong>quibusdam</strong></span> <span class='ocrx_word' id='word_1_159' title='bbox 1277 1514 1440 1549; x_wconf 83' lang='lat' dir='ltr'><strong>editioni-</strong></span> 
     </span>
     <span class='ocr_line' id='line_1_21' title="bbox 279 1578 1441 1626; baseline -0.001 -12"><span class='ocrx_word' id='word_1_160' title='bbox 279 1579 342 1614; x_wconf 86' lang='lat' dir='ltr'><strong>bus</strong></span> <span class='ocrx_word' id='word_1_161' title='bbox 361 1579 505 1626; x_wconf 86' lang='lat' dir='ltr'><strong>legitur:</strong></span> <span class='ocrx_word' id='word_1_162' title='bbox 529 1579 603 1614; x_wconf 69' lang='lat' dir='ltr'><strong>viro</strong></span> <span class='ocrx_word' id='word_1_163' title='bbox 624 1583 781 1624; x_wconf 64' lang='lat' dir='ltr'><strong>amento,</strong></span> <span class='ocrx_word' id='word_1_164' title='bbox 797 1579 888 1625; x_wconf 91' lang='lat' dir='ltr'><strong>quod</strong></span> <span class='ocrx_word' id='word_1_165' title='bbox 902 1578 986 1625; x_wconf 88' lang='lat' dir='ltr'><strong>quid</strong></span> <span class='ocrx_word' id='word_1_166' title='bbox 1001 1579 1171 1625; x_wconf 84' lang='lat' dir='ltr'><strong>significet</strong></span> <span class='ocrx_word' id='word_1_167' title='bbox 1186 1591 1254 1613; x_wconf 88' lang='lat' dir='ltr'><strong>non</strong></span> <span class='ocrx_word' id='word_1_168' title='bbox 1268 1579 1441 1625; x_wconf 67' lang='lat' dir='ltr'><strong>intelligo,</strong></span> 
     </span>
     <span class='ocr_line' id='line_1_22' title="bbox 279 1643 1443 1692; baseline 0.001 -13"><span class='ocrx_word' id='word_1_169' title='bbox 279 1644 440 1688; x_wconf 85' lang='lat' dir='ltr'><strong>Rostius,</strong></span> <span class='ocrx_word' id='word_1_170' title='bbox 466 1644 595 1692; x_wconf 71' lang='lat' dir='ltr'><strong>Opusc.</strong></span> <span class='ocrx_word' id='word_1_171' title='bbox 630 1644 746 1680; x_wconf 80' lang='lat' dir='ltr'><strong>Plaut.</strong></span> <span class='ocrx_word' id='word_1_172' title='bbox 779 1656 857 1692; x_wconf 84' lang='lat' dir='ltr'><strong>pag.</strong></span> <span class='ocrx_word' id='word_1_173' title='bbox 890 1645 1086 1680; x_wconf 81' lang='lat'>132—134</span> <span class='ocrx_word' id='word_1_174' title='bbox 1120 1643 1207 1679; x_wconf 83' lang='lat' dir='ltr'><strong>dicit</strong></span> <span class='ocrx_word' id='word_1_175' title='bbox 1230 1644 1313 1680; x_wconf 85' lang='lat' dir='ltr'><strong>haec</strong></span> <span class='ocrx_word' id='word_1_176' title='bbox 1338 1643 1443 1680; x_wconf 87' lang='lat' dir='ltr'><strong>verba</strong></span> 
     </span>
     <span class='ocr_line' id='line_1_23' title="bbox 278 1709 1440 1757; baseline 0 -12"><span class='ocrx_word' id='word_1_177' title='bbox 278 1710 398 1745; x_wconf 82' lang='lat' dir='ltr'><strong>eodem</strong></span> <span class='ocrx_word' id='word_1_178' title='bbox 433 1710 536 1745; x_wconf 90' lang='lat' dir='ltr'><strong>modo</strong></span> <span class='ocrx_word' id='word_1_179' title='bbox 573 1709 772 1757; x_wconf 81' lang='lat' dir='ltr'><strong>explicanda</strong></span> <span class='ocrx_word' id='word_1_180' title='bbox 806 1723 898 1753; x_wconf 86' lang='lat' dir='ltr'><strong>esse,</strong></span> <span class='ocrx_word' id='word_1_181' title='bbox 926 1722 994 1755; x_wconf 91' lang='lat' dir='ltr'><strong>quo</strong></span> <span class='ocrx_word' id='word_1_182' title='bbox 1022 1709 1126 1745; x_wconf 84' lang='lat' dir='ltr'><strong>verba</strong></span> <span class='ocrx_word' id='word_1_183' title='bbox 1154 1709 1348 1753; x_wconf 88' lang='lat' dir='ltr'><strong>Ciceronis,</strong></span> <span class='ocrx_word' id='word_1_184' title='bbox 1376 1722 1440 1757; x_wconf 89' lang='lat' dir='ltr'><strong>pro</strong></span> 
     </span>
     <span class='ocr_line' id='line_1_24' title="bbox 278 1773 1439 1822; baseline 0 -13"><span class='ocrx_word' id='word_1_185' title='bbox 278 1774 398 1809; x_wconf 76' lang='lat' dir='ltr'><strong>Flacoe</strong></span> <span class='ocrx_word' id='word_1_186' title='bbox 431 1787 504 1822; x_wconf 88' lang='lat' dir='ltr'><strong>cap.</strong></span> <span class='ocrx_word' id='word_1_187' title='bbox 547 1776 613 1817; x_wconf 81' lang='lat'><strong>37,</strong></span> <span class='ocrx_word' id='word_1_188' title='bbox 658 1775 748 1813; x_wconf 73' lang='lat' dir='ltr'><strong>udat</strong></span> <span class='ocrx_word' id='word_1_189' title='bbox 772 1775 812 1810; x_wconf 82' lang='lat' dir='ltr'><strong>de</strong></span> <span class='ocrx_word' id='word_1_190' title='bbox 838 1775 951 1818; x_wconf 76' lang='lat' dir='ltr'><strong>luero,</strong></span> <span class='ocrx_word' id='word_1_191' title='bbox 979 1775 1071 1809; x_wconf 71' lang='lat' dir='ltr'><em>nihil</em></span> <span class='ocrx_word' id='word_1_192' title='bbox 1093 1775 1245 1810; x_wconf 75' lang='lat' dir='ltr'><strong>detrahit</strong></span> <span class='ocrx_word' id='word_1_193' title='bbox 1271 1775 1311 1810; x_wconf 82' lang='lat' dir='ltr'><strong>de</strong></span> <span class='ocrx_word' id='word_1_194' title='bbox 1335 1773 1439 1809; x_wconf 78' lang='lat' dir='ltr'><strong>vivo”</strong></span> 
     </span>
     <span class='ocr_line' id='line_1_25' title="bbox 278 1840 1438 1887; baseline 0 -12"><span class='ocrx_word' id='word_1_195' title='bbox 278 1844 312 1875; x_wconf 90' lang='lat' dir='ltr'><strong>et</strong></span> <span class='ocrx_word' id='word_1_196' title='bbox 342 1840 441 1876; x_wconf 85' lang='lat' dir='ltr'><strong>Verr.</strong></span> <span class='ocrx_word' id='word_1_197' title='bbox 469 1840 530 1875; x_wconf 88' lang='lat' dir='ltr'><strong>III</strong></span> <span class='ocrx_word' id='word_1_198' title='bbox 562 1853 635 1887; x_wconf 85' lang='lat' dir='ltr'><strong>cap.</strong></span> <span class='ocrx_word' id='word_1_199' title='bbox 665 1842 731 1875; x_wconf 72' lang='lat'><strong>502</strong></span> <span class='ocrx_word' id='word_1_200' title='bbox 760 1841 831 1880; x_wconf 65' lang='lat' dir='ltr'><strong>nde</strong></span> <span class='ocrx_word' id='word_1_201' title='bbox 861 1841 935 1875; x_wconf 79' lang='lat' dir='ltr'><strong>vivo</strong></span> <span class='ocrx_word' id='word_1_202' title='bbox 961 1840 1070 1885; x_wconf 72' lang='lat' dir='ltr'><strong>iqitur</strong></span> <span class='ocrx_word' id='word_1_203' title='bbox 1095 1844 1170 1875; x_wconf 76' lang='lat' dir='ltr'><strong>erat</strong></span> <span class='ocrx_word' id='word_1_204' title='bbox 1196 1840 1333 1886; x_wconf 74' lang='lat' dir='ltr'><strong>aliquid·</strong></span> <span class='ocrx_word' id='word_1_205' title='bbox 1353 1852 1438 1875; x_wconf 64' lang='lat' dir='ltr'><strong>rese-</strong></span> 
     </span>
     <span class='ocr_line' id='line_1_26' title="bbox 278 1903 1437 1951; baseline 0.002 -13"><span class='ocrx_word' id='word_1_206' title='bbox 278 1905 437 1947; x_wconf 76' lang='lat' dir='ltr'><strong>candum,</strong></span> <span class='ocrx_word' id='word_1_207' title='bbox 470 1904 595 1950; x_wconf 82' lang='lat' dir='ltr'><strong>quibus</strong></span> <span class='ocrx_word' id='word_1_208' title='bbox 621 1904 707 1940; x_wconf 81' lang='lat' dir='ltr'><strong>loeis</strong></span> <span class='ocrx_word' id='word_1_209' title='bbox 732 1905 843 1940; x_wconf 78' lang='lat' dir='ltr'><strong>vivum</strong></span> <span class='ocrx_word' id='word_1_210' title='bbox 872 1904 1061 1951; x_wconf 86' lang='lat' dir='ltr'><strong>opponitur</strong></span> <span class='ocrx_word' id='word_1_211' title='bbox 1087 1904 1118 1939; x_wconf 82' lang='lat' dir='ltr'><strong>ei</strong></span> <span class='ocrx_word' id='word_1_212' title='bbox 1146 1904 1238 1951; x_wconf 93' lang='lat' dir='ltr'><strong>quod</strong></span> <span class='ocrx_word' id='word_1_213' title='bbox 1263 1903 1359 1941; x_wconf 85' lang='lat' dir='ltr'><strong>luero</strong></span> <span class='ocrx_word' id='word_1_214' title='bbox 1384 1916 1437 1940; x_wconf 87' lang='lat' dir='ltr'><strong>ac-</strong></span> 
     </span>
     <span class='ocr_line' id='line_1_27' title="bbox 278 1969 1439 2017; baseline 0 -12"><span class='ocrx_word' id='word_1_215' title='bbox 278 1969 446 2016; x_wconf 79' lang='lat' dir='ltr'><strong>quiritur,</strong></span> <span class='ocrx_word' id='word_1_216' title='bbox 487 1974 606 2016; x_wconf 84' lang='lat' dir='ltr'><strong>estque</strong></span> <span class='ocrx_word' id='word_1_217' title='bbox 645 1982 735 2013; x_wconf 71' lang='lat' dir='ltr'><strong>sors,</strong></span> <span class='ocrx_word' id='word_1_218' title='bbox 772 1973 808 2005; x_wconf 91' lang='lat' dir='ltr'><strong>et</strong></span> <span class='ocrx_word' id='word_1_219' title='bbox 837 1973 940 2017; x_wconf 85' lang='lat' dir='ltr'><strong>caput</strong></span> <span class='ocrx_word' id='word_1_220' title='bbox 968 1970 1151 2017; x_wconf 76' lang='lat' dir='ltr'><strong>pecuniae,</strong></span> <span class='ocrx_word' id='word_1_221' title='bbox 1179 1970 1230 2005; x_wconf 82' lang='lat' dir='ltr'><strong>ita</strong></span> <span class='ocrx_word' id='word_1_222' title='bbox 1256 1972 1296 2005; x_wconf 87' lang='lat' dir='ltr'><strong>ut</strong></span> <span class='ocrx_word' id='word_1_223' title='bbox 1321 1969 1352 2004; x_wconf 86' lang='lat' dir='ltr'><strong>is</strong></span> <span class='ocrx_word' id='word_1_224' title='bbox 1379 1970 1439 2017; x_wconf 87' lang='lat' dir='ltr'><strong>qui</strong></span> 
     </span>
    </p>
   </div>
   <div class='ocr_carea' id='block_1_3' title="bbox 223 2035 1438 2083">
    <p class='ocr_par' dir='ltr' id='par_1_4' title="bbox 223 2035 1438 2083">
     <span class='ocr_line' id='line_1_28' title="bbox 223 2035 1438 2083; baseline 0.002 -15"><span class='ocrx_word' id='word_1_225' title='bbox 223 2066 225 2068; x_wconf 78' lang='grc'>,</span> <span class='ocrx_word' id='word_1_226' title='bbox 276 2039 395 2071; x_wconf 74' lang='lat' dir='ltr'><strong>sortem</strong></span> <span class='ocrx_word' id='word_1_227' title='bbox 424 2035 618 2070; x_wconf 82' lang='lat' dir='ltr'><strong>diminuere</strong></span> <span class='ocrx_word' id='word_1_228' title='bbox 644 2037 781 2070; x_wconf 88' lang='lat' dir='ltr'><strong>coactus</strong></span> <span class='ocrx_word' id='word_1_229' title='bbox 806 2038 875 2079; x_wconf 88' lang='lat' dir='ltr'><strong>est,</strong></span> <span class='ocrx_word' id='word_1_230' title='bbox 905 2035 1003 2082; x_wconf 88' lang='lat' dir='ltr'><strong>quasi</strong></span> <span class='ocrx_word' id='word_1_231' title='bbox 1033 2035 1075 2071; x_wconf 90' lang='lat' dir='ltr'><strong>de</strong></span> <span class='ocrx_word' id='word_1_232' title='bbox 1106 2035 1181 2071; x_wconf 81' lang='lat' dir='ltr'><strong>vivo</strong></span> <span class='ocrx_word' id='word_1_233' title='bbox 1208 2047 1350 2083; x_wconf 78' lang='lat' dir='ltr'><strong>corpore</strong></span> <span class='ocrx_word' id='word_1_234' title='bbox 1375 2035 1438 2071; x_wconf 87' lang='lat' dir='ltr'><strong>ali-</strong></span> 
     </span>
    </p>
   </div>
   <div class='ocr_carea' id='block_1_4' title="bbox 276 2100 1438 2275">
    <p class='ocr_par' dir='ltr' id='par_1_5' title="bbox 276 2100 1438 2275">
     <span class='ocr_line' id='line_1_29' title="bbox 276 2100 1437 2149; baseline 0.001 -13"><span class='ocrx_word' id='word_1_235' title='bbox 276 2101 362 2147; x_wconf 80' lang='lat' dir='ltr'><strong>quid</strong></span> <span class='ocrx_word' id='word_1_236' title='bbox 382 2101 540 2137; x_wconf 79' lang='lat' dir='ltr'><strong>detrahat</strong></span> <span class='ocrx_word' id='word_1_237' title='bbox 570 2104 606 2136; x_wconf 88' lang='lat' dir='ltr'><strong>et</strong></span> <span class='ocrx_word' id='word_1_238' title='bbox 632 2103 771 2136; x_wconf 80' lang='lat' dir='ltr'><strong>resecet.</strong></span> <span class='ocrx_word' id='word_1_239' title='bbox 805 2100 917 2136; x_wconf 91' lang='lat' dir='ltr'><strong>Addit</strong></span> <span class='ocrx_word' id='word_1_240' title='bbox 942 2113 1045 2149; x_wconf 77' lang='lat' dir='ltr'><strong>porro</strong></span> <span class='ocrx_word' id='word_1_241' title='bbox 1072 2101 1184 2137; x_wconf 78' lang='lat' dir='ltr'><strong><em>vivum</em></strong></span> <span class='ocrx_word' id='word_1_242' title='bbox 1212 2101 1305 2137; x_wconf 86' lang='lat' dir='ltr'><strong>idem</strong></span> <span class='ocrx_word' id='word_1_243' title='bbox 1329 2101 1437 2148; x_wconf 83' lang='lat' dir='ltr'><strong>signi-</strong></span> 
     </span>
     <span class='ocr_line' id='line_1_30' title="bbox 276 2166 1438 2213; baseline 0.001 -12"><span class='ocrx_word' id='word_1_244' title='bbox 276 2168 373 2201; x_wconf 88' lang='lat' dir='ltr'><strong>ficare</strong></span> <span class='ocrx_word' id='word_1_245' title='bbox 413 2170 515 2213; x_wconf 83' lang='lat' dir='ltr'><strong>atque</strong></span> <span class='ocrx_word' id='word_1_246' title='bbox 555 2167 725 2209; x_wconf 75' lang='lat' dir='ltr'><strong>nativum,</strong></span> <span class='ocrx_word' id='word_1_247' title='bbox 760 2179 902 2212; x_wconf 77' lang='lat' dir='ltr'><strong>purum,</strong></span> <span class='ocrx_word' id='word_1_248' title='bbox 936 2167 1102 2208; x_wconf 72' lang='lat' dir='ltr'><strong>solidum;</strong></span> <span class='ocrx_word' id='word_1_249' title='bbox 1135 2179 1220 2212; x_wconf 86' lang='lat' dir='ltr'><strong>quae</strong></span> <span class='ocrx_word' id='word_1_250' title='bbox 1256 2166 1322 2202; x_wconf 88' lang='lat' dir='ltr'><strong>etsi</strong></span> <span class='ocrx_word' id='word_1_251' title='bbox 1358 2179 1438 2202; x_wconf 82' lang='lat' dir='ltr'><strong>vera</strong></span> 
     </span>
     <span class='ocr_line' id='line_1_31' title="bbox 276 2230 1436 2275; baseline 0.001 -10"><span class='ocrx_word' id='word_1_252' title='bbox 276 2234 377 2275; x_wconf 87' lang='lat' dir='ltr'><strong>sunt,</strong></span> <span class='ocrx_word' id='word_1_253' title='bbox 412 2235 527 2267; x_wconf 88' lang='lat' dir='ltr'><strong>tamen</strong></span> <span class='ocrx_word' id='word_1_254' title='bbox 559 2230 765 2267; x_wconf 86' lang='lat' dir='ltr'><strong>vocabulum</strong></span> <span class='ocrx_word' id='word_1_255' title='bbox 789 2231 885 2266; x_wconf 75' lang='lat' dir='ltr'><strong>vivus</strong></span> <span class='ocrx_word' id='word_1_256' title='bbox 911 2232 967 2267; x_wconf 90' lang='lat' dir='ltr'><strong>hic</strong></span> <span class='ocrx_word' id='word_1_257' title='bbox 994 2231 1240 2267; x_wconf 87' lang='lat' dir='ltr'><strong>inconveniens</strong></span> <span class='ocrx_word' id='word_1_258' title='bbox 1267 2235 1331 2267; x_wconf 85' lang='lat' dir='ltr'><strong>est.</strong></span> <span class='ocrx_word' id='word_1_259' title='bbox 1359 2231 1436 2266; x_wconf 84' lang='lat' dir='ltr'><strong>Pri-</strong></span> 
     </span>
    </p>
   </div>
   <div class='ocr_carea' id='block_1_5' title="bbox 276 2295 1434 2350">
    <p class='ocr_par' dir='ltr' id='par_1_6' title="bbox 276 2295 1434 2350">
     <span class='ocr_line' id='line_1_32' title="bbox 276 2295 1434 2350; baseline -0.003 -17"><span class='ocrx_word' id='word_1_260' title='bbox 276 2309 369 2337; x_wconf 78' lang='lat' dir='ltr'><strong>mum</strong></span> <span class='ocrx_word' id='word_1_261' title='bbox 410 2309 479 2340; x_wconf 87' lang='lat' dir='ltr'><strong>non</strong></span> <span class='ocrx_word' id='word_1_262' title='bbox 506 2309 618 2333; x_wconf 88' lang='lat' dir='ltr'><strong>sermo</strong></span> <span class='ocrx_word' id='word_1_263' title='bbox 645 2300 698 2332; x_wconf 84' lang='lat' dir='ltr'><strong>est</strong></span> <span class='ocrx_word' id='word_1_264' title='bbox 725 2295 767 2336; x_wconf 86' lang='lat' dir='ltr'><strong>de</strong></span> <span class='ocrx_word' id='word_1_265' title='bbox 794 2300 884 2331; x_wconf 81' lang='lat' dir='ltr'><strong>sorte</strong></span> <span class='ocrx_word' id='word_1_266' title='bbox 911 2296 1093 2344; x_wconf 85' lang='lat' dir='ltr'><strong>pecuniae,</strong></span> <span class='ocrx_word' id='word_1_267' title='bbox 1122 2296 1181 2332; x_wconf 88' lang='lat' dir='ltr'><strong>sed</strong></span> <span class='ocrx_word' id='word_1_268' title='bbox 1209 2296 1250 2332; x_wconf 90' lang='lat' dir='ltr'><strong>de</strong></span> <span class='ocrx_word' id='word_1_269' title='bbox 1272 2299 1434 2350; x_wconf 59' lang='lat' dir='ltr'><strong>argento3</strong></span> 
     </span>
    </p>
   </div>
   <div class='ocr_carea' id='block_1_6' title="bbox 0 2888 1752 2978">
    <p class='ocr_par' dir='ltr' id='par_1_7' title="bbox 0 2888 1752 2978">
     <span class='ocr_line' id='line_1_33' title="bbox 0 2888 1752 2978; baseline 0 0"><span class='ocrx_word' id='word_1_270' title='bbox 0 2888 1752 2978; x_wconf 95' lang='lat' dir='ltr'><strong> </strong></span> 
     </span>
    </p>
   </div>
   <div class='ocr_carea' id='block_1_7' title="bbox 27 2929 834 2944">
    <p class='ocr_par' dir='ltr' id='par_1_8' title="bbox 27 2929 834 2944">
     <span class='ocr_line' id='line_1_34' title="bbox 27 2929 834 2944; baseline 0 0"><span class='ocrx_word' id='word_1_271' title='bbox 27 2929 834 2944; x_wconf 95' lang='lat' dir='ltr'><strong> </strong></span> 
     </span>
    </p>
   </div>
  </div>
 </body>
</html>
