1752 2978
859 252 903 285 26

298 340 353 374 Ita
389 340 426 375 in
454 340 566 375 verbis
592 341 683 376 bona
709 341 882 376 sententia
907 340 1009 377 inest.
1068 340 1159 376 Nam
1187 341 1333 376 Grumio
1373 340 1459 376 hanc

298 404 341 440 ob
382 417 517 441 causam
556 405 642 440 dicit
681 418 716 441 se
749 418 806 441 rus
838 405 953 448 abire,
989 406 1081 452 quod
1120 417 1273 441 moerore
1307 405 1458 441 maximo

298 470 464 513 afficitur,
504 473 646 517 propter
674 470 903 518 corruptelam
929 469 992 505 filii
1020 469 1127 506 erilis.
1180 469 1354 506 Firmatur
1381 470 1457 505 Rit-

297 535 417 570 schelii
444 535 642 583 conjectura
672 553 690 575 η
699 536 752 571 hic
782 534 910 582 quum'’
933 548 995 583 pro
1030 553 1048 575 n
1060 548 1167 570 eccum
1176 534 1198 550 ’'
1226 535 1375 571 lectione
1401 548 1456 570 co-

297 599 383 635 dicis
410 599 440 635 B
470 599 672 647 necquumJ’

635 947 985 1001 ACTUS
1045 948 1123 1003 ΙΙ.

743 1088 944 1124 SCENA
985 1091 1016 1124 1.

349 1315 445 1351 Haec
471 1328 571 1351 socna
588 1316 775 1351 nonnullos
794 1328 913 1352 versus
932 1317 1106 1359 continet,
1135 1329 1220 1362 quos
1247 1316 1457 1352 Ritschelius

295 1381 523 1428 interpolatos
563 1384 697 1424 censet,
737 1381 830 1426 quod
873 1395 957 1417 num
995 1382 1073 1429 jure
1112 1382 1273 1417 statuerit
1304 1382 1455 1427 inquira-

294 1458 382 1480 mus.
435 1446 554 1481 Primo
580 1445 656 1480 loco
684 1457 733 1481 vs.
762 1446 808 1481 87
835 1458 887 1492 sq.

395 1510 462 1556 qu
487 1514 588 1557 atque
613 1510 650 1545 in
678 1523 745 1546 meo
771 1512 885 1555 corde,
913 1511 943 1546 si
969 1516 1019 1546 est
1046 1511 1134 1557 quod
1159 1510 1239 1546 mihi
1265 1524 1330 1554 cor,

394 1575 478 1610 Eam
503 1587 570 1610 rem
595 1574 748 1610 volutavi
774 1580 807 1611 et
834 1563 893 1610 d‘i'u
916 1575 1109 1623 disputavi,

293 1643 333 1677 ut
360 1640 505 1676 nimiam
532 1639 717 1687 prodentes
735 1640 998 1687 loquacitatem,
1025 1641 1163 1676 uncinis
1182 1641 1341 1683 inclusit,
1364 1641 1456 1686 quod

292 1706 384 1741 haud
416 1705 486 1740 scio
514 1717 558 1740 an
583 1709 675 1740 recte
702 1705 831 1741 factum
858 1706 916 1741 sit.
970 1706 1004 1741 Si
1032 1706 1126 1741 enim
1153 1705 1240 1740 benc
1266 1705 1453 1752 perpenda-

294 1782 370 1806 mus
395 1770 488 1805 dicta
513 1782 565 1805 vs,
594 1771 638 1805 85
667 1782 737 1816 sq.‚

461 1836 671 1871 Recordatus
697 1836 841 1871 multum
866 1847 939 1869 «mm
965 1839 997 1870 eb
1024 1822 1083 1869 diu
1109 1834 1252 1880 coqz'tavi

460 1902 732 1947 Arqumentaque
757 1900 795 1935 in
818 1903 935 1946 pectus
962 1900 1071 1934 multa
1097 1899 1267 1942 insciam,

293 1977 400 2011 eaque
438 1977 674 2012 comparemus
714 1977 790 2000 cum
828 1976 878 1999 vs,
908 1965 952 2000 87
981 1976 1048 2010 sq„
1085 1965 1122 1999 in
1162 1963 1282 1999 oculos
1308 1964 1455 1999 incurrit

294 2030 357 2066 hos
385 2042 504 2066 versus
532 2042 602 2065 non
627 2029 812 2066 abundare.
853 2029 1070 2066 Philolaches
1103 2030 1196 2065 enim
1220 2041 1330 2065 seram
1359 2042 1453 2065 men-

292 2097 339 2131 tis
384 2096 633 2143 cogitationem
678 2095 727 2130 sic
761 2094 940 2138 describit,
981 2099 1020 2130 ut
1059 2107 1177 2130 omnes
1212 2095 1286 2142 ejus
1320 2098 1433 2142 partes
1443 2123 1453 2139 ‚

296 2165 489 2203 momenta,
529 2160 656 2207 gradus
683 2160 864 2206 significet.
914 2159 1071 2195 Primum
1099 2159 1200 2194 dicit:
1233 2160 1454 2199 urecordatus

293 2227 437 2261 multum
476 2238 549 2261 sum
580 2230 613 2261 et
643 2225 703 2260 diu
728 2223 901 2269 coyitavff
931 2226 992 2271 (vs.
1022 2226 1104 2271 85),
1133 2224 1186 2259 his
1212 2224 1325 2260 verbis
1351 2236 1452 2271 gene-

292 2291 396 2326 ratim
432 2292 559 2327 mcntis
591 2290 774 2326 meditatio
803 2289 990 2333 indicatum
1020 2289 1143 2325 deinde
1169 2289 1370 2337 singulatim
1397 2301 1452 2324 co-
