1752 2978
864 282 908 313 34

305 370 390 413 bile,
426 370 541 418 potius
577 383 714 406 sensum
741 383 813 405 esse
839 374 994 417 oportet:
1039 389 1056 410 η
1069 371 1241 407 Omnibus
1268 372 1463 409 actionibus

303 439 446 471 eventus
484 439 536 470 est
563 435 617 479 id,
654 436 746 482 quod
772 436 892 471 messis
918 436 1058 483 copiosa
1084 440 1137 472 est
1162 437 1271 472 horno
1297 438 1461 485 segeti‚’'

304 501 336 535 h.
364 514 393 535 e.
424 518 442 540 η
454 500 537 535 felix
564 504 707 536 eventus
734 513 894 536 coronam
913 501 1064 549 imponit
1081 501 1295 547 actionibus,
1316 506 1356 539 ut
1374 516 1460 539 mes-

301 566 349 600 sis
376 566 561 613 proventui
585 566 776 613 segetum.”

401 631 462 667 Vs.
491 633 575 667 160.

394 696 487 740 Quid
510 710 549 732 aa
573 709 654 731 nam
681 699 794 732 messis
820 699 936 732 attinet
963 698 1011 732 ad
1035 709 1145 732 meam
1173 697 1400 733 lavationem?

301 762 324 795 i.
358 774 387 796 e.
424 762 587 808 quidnam
613 774 740 808 mayna
766 764 880 797 messis
906 764 971 797 cet.
1013 761 1068 796 Ad
1094 761 1176 796 haec
1203 773 1309 808 quum
1330 762 1459 809 Scapha

301 826 503 874 respondet:
549 826 688 866 [snihilo
718 826 802 875 plus
826 840 928 874 quam
963 827 1091 862 lavatio
1113 833 1172 862 tua
1202 829 1251 862 ad
1274 828 1458 870 messim,”

301 891 522 926 manifestum
549 894 601 925 est
627 891 723 926 illam
755 904 899 926 messem
926 892 1129 938 significari,
1164 904 1265 938 quam
1292 904 1372 927 mox
1399 892 1458 927 do-

302 955 395 991 mina
420 968 571 992 messura
598 960 650 991 est
676 956 713 992 in
740 956 846 992 fundo
874 956 1104 1000 Philolachis,
1132 956 1157 993 i.
1184 970 1213 992 e.
1241 956 1353 1001 dona,
1374 970 1459 1004 quae

300 1021 342 1055 ab
370 1021 431 1055 illo
458 1025 637 1067 acceptura
664 1025 726 1056 est.

399 1085 460 1124 Vs.
489 1086 572 1121 174.

360 1151 480 1185 Hercle
506 1163 565 1197 eqo
587 1150 627 1184 ob
650 1150 711 1184 hoc
735 1150 871 1184 verbum
898 1156 946 1193 te,
973 1150 1129 1198 Scapha,
1157 1151 1289 1186 donabo
1312 1152 1411 1186 hodie

456 1214 565 1261 aliqui
592 1214 725 1260 [merito
734 1214 759 1260 ,]

300 1280 421 1327 Aliqui
445 1292 507 1326 pro
529 1279 646 1326 aliqua
667 1292 724 1321 re,
751 1279 804 1314 Cf.
832 1279 913 1314 Aul.
933 1279 1026 1315 Prol.
1048 1281 1113 1322 24,
1134 1280 1236 1326 Epid.
1256 1280 1315 1314 III
1336 1282 1373 1315 1:
1395 1282 1457 1323 13,

302 1345 380 1379 Mil.
408 1344 476 1378 IV:
503 1346 543 1378 4:
570 1345 630 1378 45.

402 1409 518 1454 Quum
547 1409 584 1443 in
611 1407 710 1443 libris
736 1411 844 1443 esset:

300 1474 388 1518 Eryo
414 1476 451 1508 ob
477 1474 536 1508 Ῐιοο
562 1474 694 1508 verbum
723 1477 773 1515 te,
809 1473 955 1517 Scapha,
983 1474 1107 1507 donabo
1132 1486 1188 1518 eqo
1211 1474 1306 1508 hodie
1331 1474 1457 1520 aliqui,

298 1539 433 1585 egregie
473 1538 683 1573 Ritschelius
722 1537 824 1572 verba
861 1541 1025 1581 correxit,
1067 1542 1105 1573 ut
1144 1551 1246 1586 supra
1284 1538 1456 1585 leguntur.

297 1604 497 1639 Tenendum
518 1617 596 1638 vero
615 1605 710 1638 bodie
727 1616 787 1650 per
806 1604 978 1650 synizesin
997 1616 1069 1638 esse
1088 1604 1270 1649 legendum
1289 1609 1324 1638 et
1341 1604 1457 1639 merito

298 1670 366 1704 dici
394 1682 473 1717 pro:
501 1670 553 1704 ita
578 1673 617 1704 ut
642 1669 761 1704 merita
790 1681 833 1703 es.

399 1735 458 1770 Vs.
488 1736 559 1771 179
587 1747 637 1780 sq.

373 1800 543 1846 Equidem
565 1799 629 1846 pol
653 1799 703 1834 vel
719 1798 819 1846 falso
847 1804 958 1834 tamen
983 1798 1124 1833 laudari
1147 1798 1255 1834 multo
1281 1800 1389 1842 malo,

383 1864 495 1908 Quam
520 1877 597 1899 vero
622 1864 759 1912 culpari
781 1869 839 1898 ant
863 1876 972 1899 meam
998 1865 1139 1911 speciem
1164 1864 1251 1899 alios
1274 1865 1433 1900 inridere.

309 1929 367 1965 Vel
383 1929 486 1977 salso
510 1929 544 1964 h.
564 1942 593 1964 e.
616 1947 634 1970 ll
646 1928 782 1964 etiamsi
809 1929 846 1964 id
864 1928 949 1964 falso
968 1930 1042 1972 fiat,
1062 1932 1178 1964 tamen
1195 1928 1327 1964 laudari
1346 1929 1456 1965 multo

298 1996 390 2031 malo
401 1994 434 2031 '’.
481 1995 631 2040 Sequens
665 2006 781 2029 versus
816 1994 939 2029 melius
965 1994 1140 2029 constabit
1163 1994 1210 2036 si,
1237 1995 1456 2041 transpositis

297 2060 412 2095 verbis
439 2060 593 2106 legatur:

354 2124 464 2169 Quam
488 2137 565 2161 vero
590 2124 726 2172 culpari
750 2129 809 2158 aut
831 2123 917 2159 alios
940 2136 1050 2159 meam
1076 2125 1223 2171 speciem
1248 2124 1406 2159 inridere.

301 2191 336 2224 Si
376 2190 467 2224 enim
504 2190 651 2236 legimus
691 2192 730 2224 ut
765 2189 995 2231 Ritschelius,
1023 2191 1083 2223 aut
1107 2189 1248 2236 speciem
1274 2189 1456 2224 enuntian-

301 2255 382 2290 dum
423 2268 482 2302 per
520 2255 711 2302 synizesin,
744 2267 811 2301 quo
838 2254 980 2302 speciem
1017 2253 1102 2289 alios
1138 2254 1286 2290 efficiant
1311 2257 1457 2300 quatuor

301 2320 449 2367 syllabas
484 2323 556 2367 (-—
580 2337 605 2350 v
629 2336 655 2351 ν
681 2321 771 2365 -),
813 2323 873 2354 aut
912 2318 948 2353 in
986 2318 1071 2365 pede
1110 2319 1231 2365 quinto
1265 2319 1456 2366 proceleus-
