1752 2978
876 339 919 373 91

328 429 419 477 quod
453 430 610 477 equidem
640 443 660 466 a
684 429 913 478 Theuropidis
939 428 1093 465 moribus
1119 428 1270 464 alienum
1298 425 1475 468 existimo,

326 507 436 541 neque
466 495 548 530 ferri
578 498 710 542 potest,
739 494 830 541 quod
856 495 947 529 inter
973 494 1077 528 verba
1102 493 1263 528 hominem
1288 495 1325 526 et
1349 495 1477 536 (ssortei

327 560 363 596 in
388 560 504 596 codice
529 560 625 596 nulla
649 560 770 595 lacuna
796 559 984 594 invenitur.
1024 558 1074 594 Le
1098 557 1209 593 Maire
1227 556 1347 593 habet:

440 625 706 660 Misericordiam
733 628 841 659 tamen
867 625 985 659 babere
1009 623 1170 658 hominem
1194 626 1334 666 oportet.

326 700 429 735 eaque
447 688 572 725 tribuit
587 688 769 732 Tranioni,
782 687 961 734 sequentia
973 690 1088 723 autem
1101 686 1205 721 verba
1222 703 1240 725 n
1252 686 1390 721 Morare
1400 687 1475 720 her-

324 752 403 789 cle²²
433 753 662 801 Theuropidi,
694 753 785 800 quod
814 764 993 800 perperam
1015 752 1143 787 factum
1170 764 1244 786 esse
1265 754 1356 786 certe
1373 763 1475 785 nmo

324 818 406 861 erit,
426 818 510 864 quin
528 817 642 853 videat
648 833 658 861 3
677 830 748 853 non
766 817 860 852 enim
878 816 1060 852 Tranionis
1078 819 1151 851 erat
1169 815 1337 863 inspicere
1355 815 1473 857 aedes,

324 894 443 918 verum
476 882 722 930 Theai-opidis:
759 882 886 918 idcirco
912 881 1146 929 Theuropides
1172 880 1337 916 Tranioni
1363 880 1476 915 dicere

324 947 414 982 haud
437 947 568 995 potuit:
596 960 755 988 nmorare
777 945 928 991 hercle?
947 951 984 982 at
1002 947 1060 982 hic
1077 946 1143 982 illi.
1166 946 1282 991 Quum
1301 949 1474 993 praeterea

324 1012 544 1049 manifestum
584 1013 654 1057 sit,
693 1013 944 1061 Theuropidem
980 1012 1100 1048 verba:
1141 1030 1159 1051 ιι
1171 1024 1299 1047 morare
1335 1009 1473 1047 bercle'’

322 1090 393 1113 non
427 1091 496 1113 una
528 1091 605 1113 cum
638 1078 918 1125 praecedentibus
944 1077 1169 1125 pronuntiare
1196 1077 1365 1124 potuisse,
1393 1076 1473 1111 hinc

322 1141 397 1176 luce
420 1142 546 1177 clarius
571 1146 624 1177 est
649 1154 783 1177 versum
811 1143 881 1176 802
907 1142 1117 1188 Theai-opidi
1148 1141 1371 1176 tribuendum
1388 1151 1472 1175 esse.

322 1205 409 1241 Inde
426 1218 529 1254 porro
547 1206 721 1254 sequitur,
745 1206 985 1255 supplementa
1002 1205 1195 1242 editionum
1214 1204 1355 1250 Weisii,
1380 1205 1471 1241 Gro-

321 1271 418 1306 novii
444 1275 479 1307 et
504 1272 667 1315 aliorum,
696 1272 754 1317 qui
780 1273 916 1318 legunt:
948 1272 1112 1311 nMorare
1138 1273 1263 1314 hercle,
1284 1284 1357 1306 cam
1374 1272 1472 1306 verba

311 1335 443 1383 facis’'
498 1339 562 1372 cet.
609 1336 740 1372 nullius
789 1336 893 1385 pretii
938 1348 1028 1379 esse,
1069 1336 1196 1383 quippe
1237 1348 1308 1371 non
1353 1335 1472 1371 colme-

319 1401 431 1436 rentia
465 1413 544 1436 cum
582 1401 705 1436 ceteris
736 1401 849 1436 verbis
879 1400 1126 1448 Theuropidis5
1151 1412 1257 1446 quare
1291 1400 1473 1436 Ritschelii

319 1466 596 1514 supplementum
614 1466 830 1514 probandum
846 1478 981 1502 oenseo.
1011 1465 1172 1505 Ceterum
1191 1467 1229 1501 in
1246 1466 1354 1502 altero
1372 1478 1474 1502 versu

320 1531 443 1567 melius
482 1532 549 1567 erit
584 1532 758 1579 supplere:
789 1533 911 1571 vimmo
928 1531 1105 1578 tufaci8”
1133 1545 1238 1578 eaque
1263 1532 1474 1579 Theuropidi

319 1596 471 1633 tribuere
512 1597 577 1644 (Cf.
612 1610 662 1633 VS.
705 1598 804 1644 789),
833 1597 958 1644 quibus
990 1597 1102 1633 verbis
1127 1600 1320 1633 commotus
1346 1597 1472 1632 Tranio

317 1662 421 1697 dicit:
451 1662 710 1709 ''subsequerej'
737 1666 773 1698 et
796 1675 915 1698 rursus
940 1663 1192 1711 Theuropides:
1217 1662 1347 1711 ''fiam”
1388 1663 1471 1699 Par-

317 1727 411 1763 tibus
437 1727 502 1763 hoc
528 1728 630 1763 modo
657 1728 836 1776 dispositis
862 1727 979 1764 omnia
1005 1728 1092 1764 bene
1118 1741 1191 1764 soee
1216 1728 1402 1765 habebunt.

414 1792 475 1828 Vs.
503 1794 587 1829 804.

390 1858 443 1892 Do
471 1857 531 1892 tibi
557 1870 612 1903 eqo
638 1870 781 1903 operam.
808 1870 907 1893 senem
929 1859 991 1893 ille
1014 1863 1165 1893 eoeumxt.
1192 1871 1249 1902 en,
1272 1859 1398 1894 adduoei

433 1922 593 1958 bominem
620 1923 691 1958 tibi.

318 1986 431 2022 Verba
461 2005 478 2027 η
490 1988 531 2023 do
559 1988 620 2023 tibi
636 2000 692 2033 eqo
709 1987 869 2033 operam''
888 1988 1015 2023 Tranio
1034 1987 1120 2023 dicit
1137 1988 1180 2023 ad
1196 1988 1466 2036 Theuropidem;

316 2052 447 2098 reliqua
480 2053 584 2100 hujus
616 2065 733 2089 versus
765 2053 808 2089 ad
839 2053 1024 2089 Simonem.
1068 2055 1206 2099 Operam
1238 2055 1320 2090 dare
1344 2055 1466 2098 alicui,

315 2121 367 2151 est
397 2118 516 2153 audire
540 2119 695 2165 aliquem.
732 2119 784 2154 Cf.
812 2119 910 2166 Capt.
936 2119 1023 2167 prol.
1050 2122 1091 2162 6,
1113 2121 1177 2163 54,
1198 2119 1273 2155 Cas.
1292 2119 1379 2167 prol.
1401 2123 1466 2164 22,

316 2182 393 2217 Mil.
418 2182 494 2218 III:
523 2185 564 2218 1':
591 2185 678 2227 177,
711 2184 780 2219 IV:
814 2186 852 2219 1:
884 2186 920 2228 7,
952 2185 1047 2220 Trin.
1075 2184 1144 2219 IV:
1175 2188 1215 2220 2:
1242 2188 1304 2229 52,
1330 2184 1467 2222 Terent.

316 2246 443 2282 Heaut.
471 2247 528 2282 II:
558 2250 596 2283 2:
627 2249 690 2291 17,
719 2249 807 2284 Eun.
836 2249 891 2284 II:
921 2252 962 2284 2:
990 2251 1047 2285 50.
1075 2249 1145 2285 Cic.
1172 2250 1214 2284 de
1241 2250 1331 2286 Clar.
1354 2251 1468 2287 Oratt.

314 2324 386 2359 cap.
437 2313 502 2356 89,
554 2312 608 2348 Id.
656 2313 698 2348 ad
733 2314 808 2349 Att.
841 2313 936 2349 XIII
967 2315 1067 2362 epist.
1098 2316 1163 2358 49,
1199 2315 1241 2351 ad
1271 2316 1366 2351 Fam.
1397 2316 1469 2352 VH

316 2377 417 2423 epist.
452 2379 511 2412 24.
550 2378 711 2413 Ceterum
739 2378 841 2414 verba
871 2393 994 2418 aseneum
1019 2380 1093 2415 illie
1118 2380 1207 2423 e8t‚”
1236 2392 1321 2427 qnae
1342 2381 1469 2417 habent
