1752 2978
815 336 862 370 63

366 425 425 461 Vs.
451 427 535 462 510.

365 490 480 527 Perii.-
504 491 612 527 illisce
634 492 729 527 bodie
751 492 839 527 banc
863 493 1107 528 conturbabunt
1123 494 1298 541 fabulam.

269 554 362 590 Haec
386 556 488 591 verba
512 555 637 591 Tranio
662 569 776 592 seeum
799 556 964 603 loquitur.
1003 558 1180 593 Nimirum
1208 559 1292 593 socii
1319 571 1412 593 com-

269 621 477 656 missationis
515 622 609 657 intus
646 626 744 659 erant
781 625 817 657 et
837 634 921 657 casu
946 622 1093 668 quodam
1119 623 1251 669 aliquid
1277 636 1413 659 concre-

268 685 361 732 puit,
395 699 464 732 quo
489 687 607 722 audito
633 686 866 734 Theuropides
890 687 1096 722 Tranionem
1122 688 1164 723 de
1189 688 1252 723 hac
1277 701 1313 724 re
1339 701 1410 723 eer-

270 750 391 786 tiorem
437 752 535 796 facit,
584 752 642 798 qui
689 755 861 796 metuens,
909 764 953 787 ne
994 753 1159 800 strepitus
1194 753 1267 789 seni
1300 757 1415 800 posset

270 814 418 850 indicare
452 829 487 851 se
511 817 693 851 mentitum
718 829 809 859 esse,
835 816 917 850 haec
943 816 1045 852 verba
1069 817 1234 862 loquitur.

367 880 427 915 Vs.
456 882 661 916 512-514.

318 944 384 979 ΤΗ.
415 945 504 982 Quid
527 948 599 980 tute
623 949 727 988 tecum·
754 946 911 991 loquere?
940 945 1003 980 ΤΒ..
1031 946 1174 981 Abscede
1189 948 1232 981 ab
1258 947 1384 980 ianua.-

319 1009 424 1053 Fuqe,
464 1011 588 1045 obsecro
626 1011 745 1045 hercle.
796 1010 863 1045 ΤΗ.
893 1011 984 1048 Quor
1000 1010 1171 1056 fuyiam?
1210 1010 1272 1045 Ta.
1303 1011 1414 1044 Etiam

418 1079 455 1110 tu
473 1076 603 1122 ,ἴκρι’-99

319 1139 385 1175 ΤΗ.
411 1140 513 1175 Nihil
534 1152 589 1185 eqo
600 1140 772 1187 formido.-
788 1153 862 1185 pax·
887 1140 1000 1174 mihist
1025 1153 1097 1174 cum
1122 1140 1274 1175 mortui&

270 1204 414 1249 Tranio,
442 1208 481 1240 ut
506 1205 614 1251 magis
638 1204 838 1252 persuadeat
864 1204 937 1239 seni
963 1204 1062 1239 aedes
1080 1204 1238 1239 scelestas
1256 1217 1348 1247 esse,
1376 1204 1418 1238 il-

270 1270 341 1304 lum
376 1270 577 1317 strepitum,
611 1282 710 1316 quem
746 1270 942 1315 audiverat,
975 1269 1065 1304 nihil
1097 1269 1192 1304 aliud
1224 1282 1296 1304 esse
1315 1269 1419 1311 dicit,

271 1334 339 1368 nisi
365 1346 482 1368 vocem
507 1334 710 1369 submissam
734 1332 883 1380 hospitis
908 1332 1049 1368 mortui.
1074 1333 1135 1368 Vs.
1158 1334 1228 1367 513
1247 1345 1298 1378 sq.
1318 1333 1421 1379 vulgo

271 1411 434 1446 personae
458 1398 509 1433 sic
534 1397 815 1445 distinguuntur:

271 1463 333 1498 ΤΕ.
372 1464 478 1508 Fuqe,
517 1465 643 1498 obsecro
680 1464 800 1498 hercle.
837 1463 903 1498 TE,
935 1464 1026 1501 Quor
1039 1464 1211 1510 fugiam?
1250 1464 1362 1498 Etiam
1387 1468 1424 1498 tu

360 1526 490 1575 fuqis?

273 1592 336 1627 ΤΒ.
363 1593 465 1627 Nihil
487 1605 542 1638 eqo
556 1593 730 1639 formido,
750 1605 824 1637 pau·
849 1593 930 1627 mila·
951 1596 1001 1628 est
1025 1606 1097 1627 cum
1123 1594 1274 1629 mortuis.

274 1658 323 1691 At
365 1660 444 1703 post
482 1655 585 1691 verba
628 1655 875 1703 Theuropidis:
917 1674 934 1694 n
948 1655 1041 1699 Quor
1067 1655 1249 1703 fuyiam'’,
1298 1656 1424 1691 Tranio

275 1733 353 1756 eum
378 1720 504 1756 iterum
530 1720 652 1755 incitat
678 1720 721 1756 ad
745 1720 873 1767 fugam.
913 1720 970 1756 Ad
985 1733 1073 1767 quae
1090 1721 1327 1769 Theuropides
1344 1730 1423 1770 apte

275 1786 475 1833 respondet:
519 1786 647 1826 ''Nikil
682 1798 737 1831 eqo
763 1786 920 1833 formido
929 1785 951 1801 '’
952 1813 964 1830 ,
998 1790 1083 1829 cet„
1111 1799 1197 1832 quae
1222 1787 1326 1822 verba
1351 1800 1421 1823 non

275 1851 361 1886 bene
399 1851 607 1887 conveniunt
645 1863 722 1886 cum
747 1850 808 1894 iis,
836 1851 960 1897 quibus
987 1851 1113 1886 Tranio
1140 1851 1242 1886 modo
1269 1852 1423 1887 animum

277 1916 515 1951 meticulosum
539 1915 712 1963 prodidit,
739 1915 883 1961 ideoque
908 1928 1005 1950 servo
1031 1927 1102 1950 non
1127 1915 1321 1951 tribuenda.

375 1980 436 2016 Vs.
464 1981 546 2017 515.

425 2047 535 2090 Heus,
567 2046 688 2081 Tranio
716 2072 945 2080 .......

277 2111 381 2148 Recte
407 2110 615 2147 Ritschelius
639 2114 674 2146 et
699 2109 840 2145 Rostius
868 2109 1008 2157 (Opusc.
1031 2110 1146 2147 Plaut.
1174 2110 1213 2145 II
1239 2122 1316 2158 pag.
1342 2111 1425 2157 186)

277 2177 615 2222 animadverterunt,
641 2177 723 2213 haec
749 2175 851 2211 verba
868 2176 1079 2224 Theuropidi
1097 2176 1204 2212 tribui
1223 2188 1294 2211 non
1316 2188 1427 2223 posse.

278 2245 431 2291 Apparet
456 2243 548 2279 enim
575 2256 592 2278 e
620 2255 669 2278 vs.
694 2243 763 2277 517
783 2241 991 2277 Tmnionem
1009 2241 1111 2277 verba
1128 2255 1178 2277 vs,
1198 2243 1268 2277 515
1289 2254 1338 2287 sq.
1358 2254 1429 2277 non

279 2308 390 2345 dioere
415 2307 642 2354 Theuropidi,
669 2306 796 2353 quippe
820 2306 877 2342 cui
907 2310 982 2342 tum
999 2307 1095 2343 nulla
1120 2319 1220 2342 causa
1237 2309 1344 2350 esset,
1371 2318 1431 2341 cur

279 2373 423 2408 diceret:
455 2391 473 2413 ss
484 2384 602 2419 quaeso
630 2371 712 2418 quid
729 2399 736 2406 .
759 2398 766 2406 .
788 2398 795 2405 .
817 2398 825 2406 .
848 2371 1056 2416 seqreqas?”
1082 2372 1197 2419 Igitur
1216 2371 1325 2418 magis
1343 2370 1430 2406 mihi
