1752 2978
887 323 931 355 95

334 425 418 459 quos
443 412 569 448 laceros
595 416 684 448 recte
711 412 918 449 Ritsehelius
957 413 1042 448 mihi
1078 413 1214 448 videtur
1249 413 1480 461 supplevisse,

333 482 469 525 accepta
501 491 635 525 quoque
672 479 930 526 perturbatione
969 491 1036 513 vss.
1076 480 1145 513 846
1178 491 1228 524 sq.
1293 478 1481 524 Postquam

333 542 423 578 enim
449 543 680 590 Theuropides
706 543 839 579 Simoni
865 542 1044 590 respondit
1072 555 1134 582 nse
1160 543 1250 577 nihil
1273 544 1398 578 morari
1412 544 1479 578 eir-

331 608 523 652 eumduci'’,
555 609 685 656 optime
719 608 812 643 Simo
848 607 1004 655 reponit:
1040 607 1161 647 maedis
1187 607 1300 652 dieo’'‚
1327 608 1352 644 i.
1380 622 1409 644 e.
1437 608 1479 644 de

331 674 472 709 aedibus
499 674 582 708 meis
608 674 747 718 loquor,
789 673 915 719 quippe
952 685 1036 717 quae
1075 672 1187 707 alieno
1221 673 1292 707 sint
1318 673 1474 718 ignotae,

331 737 498 783 iteratque
532 737 767 783 quaestionem
807 737 848 771 de
874 736 1156 772 circumductore.
1208 737 1264 772 Ad
1289 749 1374 783 quae
1397 742 1476 786 apte

330 802 455 837 iterum
481 802 665 849 respondet
701 801 953 848 Theuropides,
981 801 1048 836 sibi
1074 801 1138 836 hoe
1164 813 1235 835 non
1260 801 1412 848 plaeere;
1440 815 1476 837 se

330 867 447 914 potius
478 866 564 901 velle
589 879 705 902 errare
736 878 837 912 quam
869 866 1086 909 circumduci,
1118 865 1279 912 quoniam
1312 866 1477 902 nimirum

330 932 444 979 ipsum
469 931 651 968 miserebat
677 932 768 967 senis
803 932 988 967 moerentis
1018 935 1159 979 propter
1185 931 1284 967 aedes
1309 932 1477 968 venditas.

330 996 386 1031 Ad
410 997 491 1032 haee
516 997 610 1032 Simo
641 1000 731 1032 recte
768 996 873 1032 dicit:
910 1001 997 1037 ntuo
1023 997 1193 1032 arbitratu
1203 995 1238 1031 .·’'
1265 1008 1350 1043 quae
1377 997 1479 1033 verba

330 1074 464 1097 necesse
490 1066 540 1097 est
567 1063 761 1097 inserantur
787 1066 866 1097 ante
892 1062 995 1097 verba
1024 1061 1253 1108 Theuropidis
1282 1080 1301 1101 n
1310 1075 1385 1107 erqo
1410 1075 1446 1097 eo
1455 1061 1477 1077 '’

329 1130 413 1170 cet.,
454 1126 579 1175 quippe
617 1139 702 1174 quae
744 1127 844 1162 aliter
873 1140 943 1163 non
968 1127 1055 1163 bene
1081 1127 1300 1163 cohaererent
1325 1139 1402 1162 cum
1428 1140 1478 1164 vs.

331 1194 413 1228 847.
465 1192 622 1228 Ceterum
649 1192 751 1227 verba
777 1193 878 1228 istum
895 1194 1128 1238 perduc-torem
1153 1192 1322 1239 glossema
1358 1192 1476 1227 viden-

329 1260 402 1299 tur,
430 1269 496 1303 quo
524 1256 749 1304 explicaretur
776 1257 858 1303 quid
885 1257 952 1293 sibi
979 1257 1083 1292 vellet
1109 1256 1209 1293 istud
1227 1269 1342 1302 apaqe.

377 1321 437 1357 Vs.
474 1323 544 1356 848
579 1335 654 1367 erqo
691 1323 808 1367 iqitur.
865 1323 1007 1370 Saepius
1045 1323 1127 1357 haec
1162 1323 1279 1369 jungit
1315 1322 1476 1366 Plautus,

328 1386 614 1433 quemadmodum
627 1387 742 1434 itaque
754 1400 829 1432 erqo
843 1387 1036 1423 Terentius.
1064 1386 1117 1422 Cf.
1132 1386 1248 1422 Hand.
1260 1386 1405 1423 Tursell.
1422 1387 1459 1423 II
1469 1415 1477 1430 ‚

328 1465 405 1498 pag.
432 1454 518 1488 465.

428 1517 487 1552 Vs.
517 1519 599 1552 849.

502 1609 510 1616 .
540 1609 547 1616 .
576 1610 584 1616 .
612 1582 716 1616 Mane
742 1582 788 1616 sis
814 1582 964 1623 videam,
994 1593 1034 1615 ne
1060 1582 1153 1617 canis
1157 1609 1314 1616 .....
1319 1615 1321 1618 ,
1345 1610 1353 1616 .

328 1646 534 1693 Propterea,
574 1651 612 1681 ut
652 1650 811 1682 caverent
849 1646 1089 1690 introeuntes,
1127 1647 1252 1694 januae
1290 1659 1390 1694 saepe
1428 1647 1480 1681 in-

327 1711 430 1746 scribi
474 1712 613 1746 solitum
656 1715 766 1753 eratp
796 1730 814 1750 η
825 1724 904 1746 cave
939 1711 1095 1754 canem”,
1138 1716 1176 1747 ut
1212 1716 1310 1747 notat
1351 1712 1481 1758 Popma

326 1774 369 1810 ad
394 1775 428 1811 h.
455 1775 478 1811 l.
