1752 2978
876 317 944 351 113

677 494 1121 550 A.O{r1]fi3vl

773 609 972 644 SOENA
1012 611 1070 656 L·

441 804 501 839 Vs.
530 805 637 839 1042.

343 870 453 916 Atque
478 868 641 916 equidem,
668 868 750 915 quid
773 868 811 903 id
834 881 901 904 esse
926 868 1033 904 dicam
1059 870 1189 905 verbum
1215 869 1332 914 nauci,
1360 870 1488 906 neseio:

344 934 430 968 Post
466 934 556 968 hunc
595 946 729 968 versum
768 933 898 979 aliquid
936 933 1100 968 excidisse
1139 936 1233 980 patet
1264 947 1282 968 e
1308 934 1488 969 verborum

344 1010 445 1033 nexu.
489 997 584 1043 Quid
610 998 702 1033 enim
728 1001 796 1041 est,
824 1010 890 1043 quo
917 997 1082 1033 referatur
1099 998 1187 1033 illud
1204 1011 1281 1033 uam
1299 1011 1347 1034 vs.
1369 1000 1488 1034 1044?

346 1061 503 1098 Ceterum
541 1075 590 1098 vs.
631 1063 726 1098 1044
765 1066 895 1111 spectat
932 1062 974 1098 ad
1003 1062 1058 1107 id,
1088 1062 1178 1109 quod
1204 1063 1334 1099 dictum
1360 1068 1413 1099 est
1439 1076 1488 1099 vs,

347 1130 417 1163 929
444 1140 494 1174 sq.

394 1192 454 1228 Vs.
483 1193 589 1227 1048.

370 1257 552 1303 Postquam
586 1270 626 1292 ea:
651 1257 817 1302 opsidione
842 1257 879 1291 in
907 1260 1016 1291 tutum
1041 1257 1140 1292 eduxi
1164 1258 1373 1302 manuplarz's
1396 1270 1492 1292 meos.

346 1320 376 1356 Ι.
391 1334 419 1356 e.
434 1324 615 1368 postquam
629 1320 905 1364 Callidamatem,
920 1320 1154 1355 Philolachem
1167 1333 1351 1367 eorumque
1364 1325 1492 1356 amatas
1510 1330 1512 1332 ·

346 1385 498 1432 periculo
524 1385 681 1421 liberavi.

445 1450 506 1486 Vs.
535 1451 643 1485 1050.

377 1513 480 1558 Quom
508 1528 580 1550 eum
605 1515 798 1558 convocavi,
826 1519 926 1561 atque
951 1516 1008 1550 illi
1032 1527 1081 1550 me
1106 1528 1145 1550 ex
1170 1519 1289 1551 senatu
1306 1519 1492 1560 seqreqant.

347 1582 458 1626 Atque
482 1579 517 1615 h.
543 1579 567 1615 l.
594 1592 656 1627 pro
682 1579 814 1623 statim,
842 1580 939 1627 cujus
966 1579 1228 1626 significationis
1247 1579 1363 1615 videas
1382 1592 1494 1615 exem-

347 1644 404 1691 pla
438 1645 559 1680 Bacch.
600 1644 658 1679 II:
688 1645 729 1679 3:
757 1645 823 1687 45,
852 1645 958 1680 Mero.
986 1644 1045 1679 II:
1074 1646 1115 1679 1:
1145 1646 1211 1688 32,
1238 1645 1340 1692 Epid.
1368 1645 1426 1680 II:
1455 1647 1496 1680 2:

350 1711 408 1746 35.
445 1709 510 1745 Liv
535 1709 658 1745 XXVI
684 1723 756 1757 cap.
785 1711 830 1745 39
858 1709 947 1745 med.
987 1709 1085 1756 Virg.
1113 1710 1238 1757 Georg.
1268 1710 1303 1746 I:
1333 1712 1402 1746 201
1422 1723 1495 1757 sqq.

422 1776 500 1811 Non
525 1776 628 1810 aliter
636 1802 646 1818 ‚
674 1787 771 1821 quam
796 1775 853 1821 qui
877 1775 1015 1810 adverso
1041 1775 1098 1809 vix
1113 1775 1259 1822 flumine
1285 1777 1422 1811 lembum

428 1840 584 1885 Remiqiis
609 1839 748 1884 subiqit,
775 1839 806 1873 871
829 1840 964 1874 brachia
979 1840 1082 1886 forte
1107 1839 1254 1882 remisit,

423 1906 533 1951 Atque
557 1904 655 1940 illum
680 1904 718 1939 in
734 1916 895 1949 praeceps
912 1917 1021 1949 prono
1048 1903 1140 1949 rapit
1165 1905 1280 1939 alveus
1307 1904 1410 1940 amni.

350 1970 434 2005 Stat.
461 1969 567 2005 Theb.
593 1968 651 2004 II:
681 1970 725 2003 26
739 1981 789 2014 sq.

499 2034 586 2070 Illos
610 2038 650 2069 ut
674 2046 767 2069 caeco
793 2034 950 2069 recubans
974 2033 1128 2069 sublimia
1152 2033 1257 2069 sensit

501 2101 674 2143 Cerberus,
701 2104 801 2146 atque
826 2111 935 2135 omnes
959 2099 1104 2145 capitum
1130 2099 1278 2135 surrexit
1303 2099 1428 2136 hiatus.

351 2164 456 2212 Legg.
496 2164 571 2200 XII
607 2164 712 2201 Tabb.
752 2165 842 2212 apud
877 2164 947 2200 Cic.
974 2164 1016 2199 de
1042 2164 1147 2211 Legg.
1174 2164 1215 2199 II
1241 2177 1313 2212 cap.
1341 2167 1381 2200 4:
1408 2166 1438 2201 si
1460 2167 1494 2201 in

341 2232 406 2276 jus
431 2234 544 2274 vocat,
571 2235 670 2277 atque
695 2234 760 2265 eat.

449 2294 510 2330 Vs.
538 2295 646 2330 1051.

480 2359 543 2394 Ubi
568 2364 688 2404 eqomet
713 2359 783 2395 vidi
808 2372 876 2394 rem
901 2359 990 2395 vorti
1015 2359 1053 2394 iu
1078 2371 1145 2395 meo
1159 2361 1266 2406 foro,
1294 2364 1358 2396 cet.

1350 2427 1365 2453 8
