1752 2978
688 896 981 952 AOTUS
1027 898 1072 954 Ι.

357 1222 417 1257 Vs.
446 1223 479 1257 5.

431 1287 496 1322 Exi
521 1286 674 1333 inquam,
708 1286 908 1332 nidoricaffe.
942 1298 1018 1321 nam
1044 1285 1127 1332 quid
1149 1285 1202 1321 hic
1229 1286 1346 1321 latex?

309 1352 352 1386 In
379 1351 499 1387 ceteris
530 1350 740 1386 editionibus
765 1350 1014 1386 recentioribus
1042 1350 1100 1385 hic
1125 1362 1243 1385 versus
1267 1351 1333 1385 hoc
1357 1350 1459 1386 modo

308 1416 456 1463 legitur:

434 1481 517 1525 Exi,
544 1481 698 1528 inquam,
726 1480 841 1525 nidor,
868 1494 886 1516 e
910 1480 1038 1516 culina.
1095 1481 1186 1519 Quid
1210 1482 1325 1517 lates?

310 1559 411 1593 quem
453 1546 485 1581 le
508 1546 619 1581 Maire
644 1546 792 1593 explicat
828 1546 893 1580 sic:
935 1564 953 1585 η
966 1545 1112 1581 Plautus
1139 1546 1251 1581 voluit
1277 1546 1462 1593 depingere

310 1624 446 1647 servum
470 1610 530 1658 qui
557 1614 695 1659 cuperet
732 1611 943 1659 pergraecari
982 1614 1017 1646 et
1052 1610 1144 1646 laute
1178 1611 1311 1656 vivere,
1347 1611 1463 1659 itaque

311 1676 422 1711 dixit:
456 1679 495 1711 tu
529 1676 659 1711 nullam
691 1679 824 1723 partem
853 1676 974 1710 domus
1004 1676 1114 1722 magis
1140 1676 1335 1721 frequentas
1361 1688 1463 1722 quam

311 1740 479 1784 culinam,
507 1739 651 1786 ideoque
676 1745 715 1775 tu
741 1752 811 1775 non
834 1740 937 1775 homo
964 1739 1024 1775 sed
1049 1740 1174 1784 nidor,
1203 1740 1258 1775 exi
1286 1753 1305 1775 e
1323 1740 1461 1784 culina,

311 1817 413 1850 quam
438 1817 570 1852 semper
602 1804 756 1848 habitas,
784 1809 824 1840 ut
853 1804 991 1840 nidor.''
1024 1800 1140 1849 'Quae
1166 1805 1349 1852 explicatio
1377 1805 1463 1840 mihi

312 1868 451 1915 quidem
487 1868 617 1904 insulsa
654 1872 689 1904 et
726 1868 851 1904 Plauto
885 1872 988 1916 poeta
1024 1868 1249 1904 festivissimo
1280 1869 1383 1917 plane
1409 1869 1462 1905 in-

313 1934 418 1981 digna
444 1934 591 1969 videtur.
635 1934 746 1969 Nidor
771 1933 864 1969 enim
890 1933 1062 1980 significat
1086 1933 1227 1968 odorem
1253 1934 1463 1980 fragrantem

313 1998 425 2047 adipis
466 1998 520 2035 vel
563 1998 674 2034 carnis
711 2001 840 2034 assatae
847 2014 858 2042 ς
889 2011 967 2034 cum
993 1998 1056 2034 tali
1087 2001 1203 2034 autem
1230 2011 1266 2034 re
1286 1998 1464 2035 hominem

314 2065 504 2112 comparari
536 2064 593 2108 id,
634 2064 735 2112 plane
773 2064 931 2112 ineptum
969 2067 1032 2100 est.
1092 2064 1205 2109 Quam
1243 2064 1287 2100 ob
1328 2076 1464 2100 eausam

313 2130 400 2166 mihi
442 2130 570 2166 arridet
607 2129 726 2166 lectio:
775 2130 996 2176 Nidoricape,
1033 2143 1110 2165 nam
1145 2130 1228 2177 quid
1258 2130 1312 2166 bic
1348 2131 1464 2167 lates?

314 2209 415 2243 quam
450 2197 549 2232 facile
589 2196 713 2231 efficias
743 2208 762 2231 e
799 2195 1007 2243 lectionibus
1043 2207 1126 2241 quas
1161 2195 1300 2241 quidam
1331 2195 1465 2231 codices

313 2262 493 2309 praebent,
522 2262 687 2297 nimirum
709 2261 841 2297 codices
867 2261 908 2296 B.
935 2260 973 2297 C.
1000 2260 1039 2297 F.
1067 2261 1101 2297 Z.
1129 2261 1257 2296 Nidore
1287 2261 1442 2307 cupinam
1454 2289 1464 2305 ‚

313 2327 357 2363 D.
383 2327 511 2363 Nidore
535 2327 672 2373 ebpind,
699 2326 783 2362 Pius
808 2325 1071 2371 Nidorz'cupina,
1103 2325 1188 2361 Pius
1217 2329 1252 2361 et
1281 2326 1466 2361 Saracenus

313 2393 441 2428 Nidore
453 2392 612 2427 culinam.
638 2391 853 2427 Vocabulum
880 2391 1096 2436 nidoricapus
1113 2391 1227 2425 simile
1251 2403 1390 2438 prorsus
1415 2395 1466 2425 est
