1752 2978
838 316 907 351 105

395 409 455 446 Vs.
483 408 689 445 950—952.

347 474 463 510 PHAN.
503 474 580 510 Non
606 473 659 509 hic
683 472 897 509 Philolaches
922 472 1113 507 adulescens
1139 470 1268 506 habitat
1292 470 1381 505 hisce

494 539 531 574 iu
555 538 718 575 aedibus?

345 605 411 638 ΤΗ.
438 603 634 638 Habitavit:
659 614 773 637 verum
798 601 973 646 emiqravit
990 600 1122 645 pridem
1148 600 1208 634 ille
1232 612 1271 635 ex
1296 599 1384 634 hisce

493 666 637 703 aedibus.

345 733 436 767 Anv.
475 732 580 766 Senex
616 731 670 765 bio
707 730 919 765 elleborosust
943 732 1044 764 certe.
1094 727 1211 763 Pam.
1238 728 1346 763 Erras
1362 739 1443 772 per-

495 807 606 839 vorse,
624 798 747 840 pater:

297 860 410 908 Vulgo
436 873 483 895 vs.
504 861 574 895 952
597 859 726 907 excipit
744 867 880 895 versum
899 859 990 903 950;
1010 861 1153 906 apparet
1171 862 1304 902 tamen,
1323 861 1358 893 et
1374 870 1443 893 me·

297 938 374 961 cum
405 937 506 961 nemo
544 924 611 960 erit
650 923 734 971 quin
766 923 930 969 fateatur,
959 923 1010 960 ita
1035 922 1098 959 hos
1123 935 1241 959 versus
1265 935 1335 958 non
1360 921 1447 958 bene

296 990 485 1026 cohaerere.
512 990 699 1036 Postquam
722 989 815 1025 enim
844 989 1036 1025 Phaniscus
1062 1001 1139 1024 cum
1156 988 1382 1024 admiratione
1400 1000 1448 1022 vs.

299 1055 367 1089 950
408 1054 559 1102 rogavit,
597 1066 681 1090 num
719 1053 934 1090 Philolaches
972 1054 1029 1090 hic
1063 1053 1213 1097 habitet,
1241 1052 1446 1089 Advorsitor

297 1119 500 1167 respondere
537 1132 607 1155 non
641 1122 772 1167 potest:
816 1132 943 1160 nseueat
967 1120 1021 1155 hie
1046 1120 1247 1154 oerebrosust
1278 1119 1444 1165 (elleboro-

296 1188 370 1220 sust
388 1171 441 1232 R)
466 1183 595 1229 certe,”
622 1184 691 1220 nisi
717 1184 951 1232 Theuropides
978 1184 1051 1232 ipse
1076 1184 1172 1232 prius
1198 1183 1282 1230 quid
1305 1196 1445 1231 respon-

296 1249 403 1285 disset
428 1249 472 1285 ad
497 1249 732 1296 quaestionem
758 1249 932 1285 Phanisci.
967 1249 1071 1294 Quod
1087 1249 1272 1296 respiciens
1289 1237 1445 1283 Ritsche-

296 1313 383 1358 lius,
411 1326 429 1349 e
454 1314 613 1360 vestigiis
637 1313 765 1349 codicis
793 1314 845 1358 A,
871 1313 1036 1361 legentis:

298 1408 306 1415 .
333 1390 405 1415 Am.
425 1390 466 1415 M.
479 1390 515 1415 U.
529 1389 605 1414 mm
624 1405 633 1415 .
654 1406 662 1415 .
682 1406 690 1414 .
709 1390 729 1414 c
749 1406 1049 1415 ...........
1068 1390 1090 1414 L
1108 1405 1117 1414 .
1138 1406 1146 1414 .
1167 1405 1175 1414 .
1195 1389 1447 1414 mscmnmssus

296 1457 345 1480 vs.
372 1445 441 1480 951
469 1443 698 1481 concinnavit.
738 1444 947 1481 Elleborosus
973 1447 1026 1480 est
1051 1443 1098 1488 is,
1127 1443 1187 1490 qui
1210 1443 1288 1491 plus
1306 1442 1447 1479 ellebori

296 1509 420 1545 sumsit
437 1522 538 1556 quam
564 1522 626 1557 par
651 1512 724 1553 est,
753 1509 871 1556 itaque
897 1508 1025 1545 dicitur
1049 1522 1112 1557 pro
1130 1510 1259 1551 insano.
1287 1508 1339 1544 Cf.
1358 1509 1448 1545 Rud.

296 1574 366 1610 IV:
394 1576 434 1610 3:
465 1576 508 1611 77
536 1587 585 1622 sq.
623 1573 805 1610 Elleborus
822 1574 915 1610 enim
933 1574 1134 1610 credebatur
1152 1574 1322 1623 optimum
1340 1587 1447 1611 reme·

295 1638 391 1674 dium
430 1652 502 1674 esse
539 1639 602 1683 iis,
643 1639 702 1686 qui
728 1642 843 1674 mente
869 1639 962 1687 capti
988 1642 1095 1674 erant.
1150 1641 1342 1675 Cerebrosus
1367 1652 1446 1675 con-

296 1707 367 1748 tra,
395 1703 487 1751 quod
513 1703 654 1740 verbum
680 1703 828 1751 legimus
853 1704 891 1739 in
917 1703 1078 1751 plurimis
1104 1703 1335 1748 editionibus,
1362 1704 1446 1740 dici-

295 1772 352 1805 tur
377 1769 424 1813 is,
452 1769 511 1815 qui
536 1768 674 1804 cerebro
701 1768 751 1804 ita
776 1768 926 1813 laborat,
953 1772 994 1804 ut
1020 1768 1119 1804 facile
1137 1769 1320 1813 irascatur,
1347 1770 1446 1806 facile

296 1833 502 1869 sententiam
529 1836 654 1877 mutet,
682 1833 881 1869 inconstans
899 1836 962 1869 est.
1003 1832 1055 1869 Cf.
1074 1833 1161 1869 Hor.
1180 1833 1248 1869 Sat.
1266 1834 1303 1869 I:
1324 1835 1364 1870 5:
1386 1822 1447 1870 21L

297 1898 401 1945 Quod
424 1898 505 1935 huic
529 1898 605 1935 loco
632 1902 749 1947 aptum
777 1911 847 1934 non
875 1897 966 1942 esse,
1001 1911 1102 1934 nemo
1137 1902 1227 1934 certe
1252 1900 1444 1946 negaverit:

298 1976 401 2009 quare
437 1976 514 1999 cum
549 1963 739 1999 Bitschelio
772 1964 849 2011 lego
878 1965 1106 2008 Elleborosus,
1136 1976 1236 2010 quam
1262 1965 1445 2000 lectionem

298 2027 402 2063 etiam
430 2031 547 2064 tuetur
571 2028 677 2064 codex
703 2029 746 2065 A.

394 2092 455 2129 Vs.
484 2094 567 2129 95⁷.

300 2155 469 2201 Quartus,
509 2158 664 2205 quintus,
705 2162 819 2194 serlus
855 2171 973 2206 usque,
1006 2163 1182 2206 postquam
1205 2172 1344 2205 pereyre
1368 2159 1446 2195 hinc

394 2221 465 2258 eius
482 2228 586 2268 pater

297 2286 409 2331 Abiit,
437 2300 613 2335 numquam
640 2288 693 2324 hic
719 2289 869 2331 triduom,
889 2301 993 2324 uuum
1018 2288 1190 2324 desilumst
1207 2289 1375 2334 potarier.

298 2352 342 2388 In
376 2353 490 2401 priore
520 2366 620 2390 versu
646 2354 717 2390 eius
742 2367 811 2391 non
838 2367 972 2390 necesse
998 2357 1049 2389 est
1075 2367 1135 2402 per
1160 2354 1331 2401 synizesin
1356 2355 1446 2402 lege—
