1752 2978
845 361 889 394 99

391 452 480 487 Nam
503 457 541 487 ut
566 452 653 487 eervi
679 454 796 488 volunt
822 464 889 487 esse
913 453 1043 494 herum,
1069 451 1119 486 ita
1145 452 1230 486 solet
1253 463 1331 485 esse.

391 516 496 551 Bonis
521 516 596 552 boni
620 521 721 560 sum,-
748 516 905 563 improbi,
932 515 990 563 qui
1015 517 1123 551 malus
1136 516 1232 564 fuit.

294 594 334 616 eo
371 585 506 618 tantum
543 582 741 618 discrimine
779 581 870 628 quod
904 582 940 616 in
975 581 1089 628 priore
1115 593 1214 616 versu
1240 580 1439 616 Gronovius

294 646 427 681 omittit
452 646 594 682 verbum
620 659 697 681 esse.

393 711 496 757 Quod
520 711 563 747 ad
592 723 732 746 sensum
757 710 901 753 attinet,
927 709 1022 757 prior
1048 709 1170 745 horum
1196 722 1355 745 versuum
1380 710 1439 745 ad-

294 776 389 810 mitti
419 779 552 823 posset,
579 775 648 810 nisi
682 777 830 809 metrum
855 773 1078 808 claudicaret:
1113 773 1215 808 lectio
1246 773 1338 809 enim
1364 774 1440 810 Rit-

295 839 413 875 schelii
455 839 544 875 idem
588 838 759 887 significat
797 842 899 884 atque
931 837 1008 881 illa,
1042 837 1207 873 nimirum
1239 839 1330 884 quod
1362 839 1440 874 Bel-

296 904 369 950 gice
407 904 571 940 dicimus:
616 903 707 943 nZoo
733 907 887 946 meester,
914 916 971 938 200
997 901 1152 938 knecbt.”
1188 903 1289 947 Quod
1319 903 1363 938 ad
1392 904 1440 938 al-

296 972 408 1004 terum
444 980 600 1012 versum,
636 967 674 1004 in
699 980 740 1004 co
765 979 842 1004 cum
868 971 1015 1004 metrum
1041 980 1109 1003 non
1141 967 1227 1004 bene
1257 981 1293 1003 se
1321 968 1440 1013 habet3

297 1038 372 1069 tum
398 1033 518 1069 verba:
547 1051 565 1073 η
578 1034 730 1079 improbi,
757 1033 816 1080 qui
841 1034 950 1068 malus
962 1031 1089 1080 suit‚’'
1107 1033 1198 1068 haud
1216 1033 1316 1068 aliter
1333 1034 1441 1080 expli-

297 1097 366 1133 cari
395 1102 540 1145 possunt
571 1097 653 1134 nisi,
674 1097 742 1132 sic:
775 1115 794 1137 n
803 1097 876 1133 heri
902 1100 984 1133 sunt
1007 1096 1156 1145 improbi
1184 1097 1215 1132 ei
1242 1110 1355 1141 servo,
1383 1098 1442 1144 qui

297 1162 406 1198 malus
427 1162 507 1198 fuit.
515 1161 538 1177 '’
590 1162 785 1207 Quominus
810 1165 925 1197 autem
947 1162 996 1197 ita
1012 1162 1183 1208 legamuS‚
1209 1162 1359 1209 primum
1377 1163 1441 1198 im-

296 1226 408 1274 pedit,
446 1239 500 1262 me
536 1226 672 1274 judice,
713 1226 798 1262 dura.
835 1226 976 1262 omissio
1010 1226 1224 1274 pronominis
1249 1227 1301 1270 ei;
1327 1231 1444 1274 posset

296 1292 434 1338 quidem
459 1292 518 1338 qui
542 1292 668 1327 mutari
694 1292 732 1327 in
758 1292 829 1335 cui,
855 1295 894 1327 ut
919 1295 1008 1327 esset
1032 1292 1211 1334 attractio,
1238 1304 1356 1327 verum
1378 1292 1441 1327 hu-

294 1356 446 1404 jusmodi
480 1356 770 1392 constructionem
807 1356 899 1404 apud
928 1356 1092 1392 Plautum
1126 1369 1196 1391 non
1222 1356 1364 1392 memini
1389 1369 1444 1393 me

296 1434 439 1468 usquam
471 1421 637 1457 invenire.
679 1421 813 1457 Deinde
847 1422 1010 1467 quoniam
1041 1425 1144 1468 potita
1178 1421 1214 1456 in
1246 1422 1445 1457 universum

296 1486 469 1533 loquitur,
505 1490 607 1534 atque
645 1499 685 1522 eo
723 1486 869 1522 consilio
900 1486 1026 1534 incipit
1062 1499 1083 1522 a
1121 1499 1263 1522 numero
1301 1486 1443 1534 plurali,

297 1551 487 1597 elegantius
514 1564 624 1587 sermo
654 1551 742 1587 mihi
782 1551 918 1586 videtur
959 1550 1157 1598 procedere,
1189 1551 1218 1586 si
1244 1551 1363 1587 eodem
1380 1564 1444 1587 nu-

297 1628 389 1651 mero
434 1616 488 1651 uti
527 1618 657 1663 pergat.
725 1615 845 1650 Restat
889 1619 929 1650 ut
967 1615 1219 1651 consideremus
1261 1615 1444 1651 lectionem

298 1679 420 1716 Weisii
446 1679 588 1715 hancce:

381 1738 390 1746 ’
428 1746 536 1788 Nam,
563 1750 602 1780 ut
627 1745 716 1780 servi
741 1745 859 1781 volunt
884 1757 952 1781 esse
976 1746 1110 1789 berum,
1137 1746 1188 1780 ita
1213 1747 1306 1781 eolat.

674 1811 790 1846 Bonus
814 1824 888 1846 cum
906 1810 1067 1856 probi'st,

675 1876 794 1911 Malus
819 1889 890 1911 cum
916 1876 1026 1912 malis.

297 1944 424 1989 puncto
451 1941 579 1989 majore
605 1941 642 1976 in
667 1940 780 1988 primo
807 1953 906 1977 versu
931 1944 1011 1989 post
1035 1940 1176 1977 verbum
1202 1942 1285 1976 solet
1309 1941 1441 1988 posito,

297 2006 397 2041 facile
415 2018 532 2041 omnes
554 2018 687 2041 mecum
709 2006 929 2050 fatebuntur,
957 2005 1169 2042 commodius
1187 2017 1259 2040 esse
1276 2009 1443 2052 punctum

297 2071 430 2114 minus,
458 2071 529 2106 sive
556 2070 754 2106 semicolon.
793 2071 845 2106 Ex
866 2070 910 2106 iis
937 2074 1051 2106 autem
1069 2082 1153 2116 quae
1172 2069 1273 2105 modo
1292 2069 1443 2105 diximus

297 2136 339 2170 de
364 2148 414 2171 vs.
441 2137 532 2179 872,
559 2136 749 2171 necessario
776 2135 949 2181 sequitur,
977 2135 1040 2170 hos
1058 2135 1143 2170 duos
1162 2134 1302 2169 ultimos
1325 2147 1442 2169 versus

297 2199 525 2235 emendandos
552 2211 635 2236 esse.
666 2199 775 2236 Poeta
792 2212 896 2247 quum
915 2199 1046 2248 incepit
1063 2199 1157 2246 loqui
1177 2198 1218 2234 de
1235 2198 1346 2243 heris,
1365 2199 1442 2247 plu-

296 2265 360 2301 rali
393 2278 555 2310 numero,
587 2269 684 2313 patet
708 2265 830 2301 melius
856 2278 928 2300 esse
954 2265 1099 2300 eundem
1138 2277 1321 2299 numerum
1361 2277 1442 2300 con-

298 2330 444 2374 tinuari3
480 2333 619 2378 propter
651 2333 799 2366 metrum
832 2332 947 2366 autem
981 2333 1132 2379 praestat
1164 2330 1228 2366 hos
1255 2329 1342 2366 duos
1368 2343 1443 2366 ver-

299 2410 354 2432 sus
393 2397 428 2433 in
468 2409 574 2432 unum
606 2396 764 2431 conflari:
799 2395 923 2442 quibus
957 2396 1134 2443 perpensis
1168 2396 1271 2431 lectio
1305 2396 1443 2439 Bothii,

1291 2459 1325 2483 ⁷·
