1752 2978
879 261 923 294 90

319 358 351 381 v.
377 359 404 380 c.
433 346 531 393 Capt.
559 346 636 381 III:
664 349 707 382 4:
736 349 782 383 86
811 352 847 383 et
870 349 977 385 Poen.
1001 349 1036 384 I:
1056 351 1099 384 2:
1121 351 1191 384 100
1211 351 1360 394 audibis,
1381 350 1475 387 Pers.

317 411 388 446 IV:
416 413 455 446 4:
488 412 531 448 77
558 412 714 456 servibit,
742 413 839 450 Men.
866 414 917 450 V:
947 417 988 450 9:
1018 416 1064 449 42
1092 418 1127 450 et
1153 415 1261 451 Mero.
1289 416 1367 451 III:
1393 418 1434 451 2:
1453 419 1475 451 3

317 476 462 520 servibo,
491 476 598 512 Mero.
625 476 676 512 V:
703 479 743 513 4:
774 480 818 513 57
847 480 1014 523 scibimus,
1043 479 1142 515 Asin.
1171 479 1208 515 I:
1232 481 1359 524 1:13,
1379 480 1474 516 Men.

317 541 376 577 II:
416 543 458 577 3:
494 544 559 586 40,
593 542 719 579 Pseud.
745 543 847 580 1:53:
875 547 922 580 42
952 549 986 580 et
1012 545 1111 580 Truc.
1141 544 1200 580 II:
1230 548 1272 581 6:
1301 548 1348 581 69
1373 547 1474 590 scibo,

318 607 397 643 Mil.
424 607 460 642 I:
489 608 529 642 1:
555 609 601 642 35
630 609 837 645 mentibitur.

415 671 477 708 Vs.
507 673 589 708 786.

444 738 541 775 Quod
563 750 613 773 me
637 738 812 782 misserat-3,
834 740 962 787 misero
987 751 1080 775 omne
1104 739 1330 785 impetratum.

316 801 384 836 Pro
411 803 498 849 quod
522 802 560 837 in
587 803 748 849 plurimis
779 803 993 839 editionibus
1023 817 1102 850 quo,
1131 803 1342 851 impediente
1360 816 1474 838 sensu.

317 866 411 911 Quid
445 867 538 902 enim
568 867 636 903 sibi
670 868 753 903 velit
779 869 898 904 hocce:
931 887 948 908 η
958 868 1074 904 adfero
1101 880 1203 904 omne
1231 868 1472 916 impetratum,

317 944 384 978 quo
412 931 448 979 (i.
476 945 506 967 e.
533 932 571 967 in
597 944 698 978 quem
716 933 842 979 locum)
864 946 917 969 me
935 933 1112 969 miseras.”
1141 934 1245 969 Recte
1269 934 1356 980 quod
1371 933 1474 969 habet

317 996 424 1032 codex
449 997 510 1033 Ba.
564 997 670 1033 Plene
707 998 757 1033 ita
795 998 927 1034 dictum
953 999 1062 1034 foret:
1095 1018 1112 1038 μ
1122 999 1344 1047 impetratum
1369 999 1473 1034 affero

315 1075 416 1098 omne
456 1063 510 1105 id,
551 1063 641 1108 quod
678 1064 899 1110 impetratum
936 1064 1007 1099 sive
1037 1064 1301 1111 impetraturum
1328 1077 1381 1099 me
1407 1065 1471 1099 mi—

313 1126 441 1162 seraS.”

412 1192 473 1229 Vs.
504 1193 585 1229 791.

473 1257 582 1293 Simul
596 1260 689 1305 flare
714 1259 907 1304 sorbereque
932 1259 1016 1293 aaut
1031 1260 1140 1305 factu
1157 1259 1317 1306 facilest.

315 1323 339 1359 i.
366 1336 395 1359 e.
431 1322 516 1359 duas
541 1335 615 1366 res,
642 1333 729 1368 quae
756 1323 928 1358 contrario
955 1326 1034 1358 actu
1060 1323 1167 1367 fiunt,
1195 1337 1263 1359 una
1289 1323 1472 1369 eademque

318 1400 421 1435 opera
452 1388 563 1423 facere
596 1400 667 1423 non
701 1390 811 1435 poteS.

416 1454 476 1489 Vs.
507 1455 588 1490 799.

615 1518 685 1552 Sibi
709 1518 848 1564 quisque
873 1519 949 1553 ruri
974 1519 1080 1554 metit.
1107 1522 1171 1553 oct.

314 1583 541 1619 Proverbium
575 1582 743 1618 rusticum
780 1595 843 1630 pro
884 1601 903 1622 η
914 1583 983 1619 sibi
1011 1583 1155 1630 quisque
1182 1581 1367 1618 consulit.³'
1415 1582 1466 1617 Si-

313 1649 394 1684 mile
421 1651 473 1683 est
499 1651 676 1683 nosssrum:
707 1647 824 1687 lsieder
850 1648 957 1683 visebt
983 1662 1022 1694 op
1048 1649 1119 1695 εξγη
1142 1647 1262 1694 ,φείϋ.”

411 1713 472 1749 Vs.
500 1715 571 1748 802
599 1725 647 1760 sq.

411 1779 646 1816 Misericordia
672 1780 799 1825 ⁸[tulta
825 1780 909 1814 baut
934 1781 1016 1826 esse]
1046 1780 1205 1814 bominem
1230 1783 1368 1824 oportel.

410 1843 473 1879 ΤΒ.
500 1844 639 1879 Morare
664 1844 784 1879 hercle.
814 1843 897 1890 [ΤΗ.
924 1843 1028 1879 Immo
1055 1845 1107 1890 iu]
1123 1843 1235 1890 sacis.
1253 1843 1316 1878 ΤΒ».
1350 1843 1463 1877 Subse-

501 1921 611 1955 quere.
638 1908 704 1944 ΤΗ.
732 1909 825 1945 Fiat.

312 1974 361 2009 Hi
390 1986 506 2009 versus
533 1973 570 2008 in
595 1973 773 2009 codicibus
798 1973 837 2009 C.
865 1977 900 2008 et
923 1974 964 2009 Β.
983 1986 1060 2008 cum
1078 1973 1200 2009 lacuna
1217 1972 1378 2020 leguntur
1396 1973 1461 2008 sic:

425 2039 678 2075 Misericordiae
706 2066 976 2074 ........
1003 2040 1163 2074 hominem
1188 2043 1316 2084 oportet

425 2105 565 2141 Morare
590 2106 700 2140 hercle
727 2132 921 2139 ......
939 2104 1038 2151 sacis
1062 2105 1254 2150 subsequere
1268 2106 1350 2151 fiat.

311 2170 466 2204 Priorem
505 2182 641 2205 versum
672 2169 781 2204 editio
808 2168 933 2203 Weisii
960 2169 1145 2204 secundum
1172 2169 1387 2205 Gronovium
1414 2169 1462 2204 ita

310 2234 506 2281 suppletum
533 2234 651 2270 habet:

427 2300 679 2336 Misericordiae
704 2299 770 2334 iam
797 2299 956 2335 bominem
981 2301 1097 2336 babere
1122 2302 1205 2336 haut
1231 2304 1369 2346 oportet.
