1752 2978
855 265 899 310 95

451 381 681 389 .......
709 353 775 388 Sed
799 354 1031 390 immedicabile
1056 355 1179 390 vulnus

448 419 536 452 Ense
562 417 791 461 recidendum,
819 431 860 454 ne
877 431 963 463 pars
988 419 1117 453 sincera
1144 419 1314 454 trahatur.

299 483 413 518 Plaut.
446 481 534 517 Rud.
569 481 646 516 III:
675 483 715 517 4:
737 483 800 526 52,
829 482 918 518 Gell.
937 483 983 518 N.
1003 483 1045 517 A.
1064 481 1094 516 V
1120 494 1192 530 cap.
1214 483 1253 526 1,
1282 482 1372 519 Plin.
1400 483 1447 520 ,H

298 549 344 584 N.
373 547 480 582 XVII
506 560 578 594 cap.
607 549 673 582 22:
715 547 829 593 Igitur
855 548 978 583 corium
1003 532 1167 582 cincei-um
1185 547 1312 583 dicitur
1330 560 1448 584 servus

296 613 437 655 habere,
469 612 527 657 qui
554 623 740 657 numquam
767 612 964 647 verberibus
991 624 1106 646 caesus
1133 616 1196 647 est.
1249 611 1317 649 Pro
1343 617 1447 648 votem

296 677 382 712 aliae
421 676 590 712 editiones
618 675 747 712 habent
771 681 893 720 vetem,
921 676 1046 723 absque
1072 676 1144 712 ullo
1170 689 1283 713 sensu.
1334 677 1447 713 Verba

299 742 407 781 umilii
432 753 500 776 eece
523 744 652 786 oportet
677 741 801 776 corium
821 742 984 776 sincerum
1006 745 1107 788 atque
1127 745 1167 777 ut
1192 745 1295 777 votem
1319 741 1358 777 id
1372 754 1444 778 ver-

295 805 435 842 berari'’
454 806 665 852 significant:
690 824 708 846 u
717 810 851 852 tergum
874 805 1032 849 habe-am,
1057 806 1148 842 sicut
1180 806 1305 850 habeo,
1338 807 1445 843 nullis

297 870 465 906 vibicibus
502 870 676 905 foedatum
713 874 747 904 et
785 870 876 915 quod
914 870 1043 906 nesciat
1072 870 1156 916 quid
1182 870 1229 906 sit
1254 871 1443 914 verberari,

295 936 344 971 ita
382 939 421 971 ut
456 935 552 982 quasi
579 934 616 970 in
643 934 731 970 votis
758 934 804 969 sit
832 933 1027 971 verberibus
1055 934 1185 971 caedi.''
1238 935 1304 971 Per
1327 935 1444 983 jocum

295 1001 358 1035 hoc
385 1000 452 1035 dici
479 1012 540 1046 per
566 1012 600 1032 se
628 1003 733 1045 patet.

392 1063 453 1098 Vs.
482 1064 563 1099 870.

391 1128 428 1162 Si
455 1128 539 1173 [eqo]
568 1126 645 1161 huie
670 1127 735 1161 iam
754 1128 894 1171 parebo,
917 1128 1018 1170 probe
1044 1130 1166 1162 tectum
1191 1129 1330 1162 habebo.-

291 1192 358 1227 Pro
384 1193 450 1228 iam
468 1192 591 1237 parebo
617 1191 703 1227 aliae
729 1190 897 1226 editiones
923 1191 1049 1227 habent
1072 1192 1254 1237 imperabo,
1283 1192 1374 1238 quod
1394 1192 1442 1228 Le

292 1257 422 1302 Maire,
461 1257 546 1292 duce
581 1256 778 1299 Gronovio,
814 1256 962 1303 explicat
988 1256 1057 1292 sic:
1089 1274 1108 1296 η
1119 1260 1159 1292 ut
1184 1269 1286 1303 porro
1313 1258 1441 1293 evitem

292 1321 450 1365 verbera,
478 1321 526 1356 sic
546 1321 627 1356 huic
653 1320 704 1355 ori
731 1320 906 1368 imperabo
935 1321 1039 1367 (quod
1064 1333 1141 1356 oum
1167 1325 1266 1368 gestu
1289 1334 1441 1369 pronun·

293 1385 468 1429 tiandum,
497 1389 536 1419 ut
561 1384 671 1431 digito
691 1384 825 1420 labrum
842 1384 1081 1431 comprimat),
1108 1384 1214 1432 probe
1232 1388 1361 1420 tectum
1383 1386 1440 1421 ha-

291 1450 378 1485 bebo
396 1462 442 1486 sc.
461 1462 510 1485 οε.
537 1449 669 1485 Notum
688 1449 781 1485 enim
800 1449 836 1484 iu
854 1449 1047 1497 praecipuis
1065 1449 1154 1484 servi
1169 1449 1356 1486 virtutibus
1370 1463 1441 1485 esse

290 1515 479 1550 silentium.
513 1514 682 1560 Loquitur
706 1514 798 1549 enim
825 1514 866 1548 de
893 1517 1002 1557 tecto,
1031 1518 1070 1549 ut
1088 1514 1212 1549 docent
1229 1513 1334 1550 etiam
1351 1527 1439 1561 quae

290 1578 520 1625 sequuntur.'’
556 1578 669 1614 Meras
695 1578 755 1613 has
770 1591 842 1613 esse
860 1578 1009 1625 ineptias
1028 1590 1129 1613 neruo
1147 1591 1217 1614 non
1236 1578 1349 1623 videt;
1369 1591 1438 1615 ma·

291 1644 455 1680 nifestum
473 1647 525 1679 est
543 1644 768 1691 interpretem
787 1656 857 1679 non
876 1643 1035 1679 habuisse
1054 1656 1121 1689 quo
1148 1644 1289 1679 referret
1313 1657 1438 1692 prono-

289 1722 366 1745 men
392 1710 478 1746 buz'e.
518 1709 626 1755 Atqui
653 1712 790 1756 accepta
814 1708 961 1744 lectione
985 1708 1183 1753 Bitschelii‚
1209 1708 1372 1744 facillime
1397 1722 1438 1745 ex

288 1774 332 1809 iis
358 1787 443 1820 quae
467 1777 723 1821 praecesserunt
748 1774 834 1809 effici
861 1776 994 1820 potest,
1022 1774 1099 1808 huic
1124 1773 1339 1809 referendum
1365 1787 1437 1809 eses

287 1838 330 1873 ad
356 1839 394 1873 id
417 1838 549 1874 consilii
576 1839 638 1885 (VS.
667 1839 772 1884 866),
801 1841 835 1872 et
854 1837 956 1872 verba
979 1837 1028 1872 sic
1046 1836 1261 1885 accipienda:
1283 1838 1339 1877 usi
1358 1838 1437 1873 huic

288 1903 431 1939 consilio
468 1902 612 1951 parebo,
653 1903 675 1938 i.
709 1916 739 1939 e.
766 1902 796 1939 si
822 1902 933 1938 officio
960 1915 1035 1937 meo
1062 1915 1195 1949 semper
1221 1902 1287 1937 rite
1314 1903 1435 1949 fungar

287 1974 321 2003 et
356 1968 482 2004 malum
520 1979 753 2015 praecaveam,
795 1971 930 2014 tergum
957 1966 1063 2014 probe
1088 1970 1218 2002 tectum
1244 1967 1410 2003 habebo.”

385 2034 445 2069 Vs.
474 2035 517 2069 87
523 2035 543 2068 2
571 2045 620 2079 sq.

359 2099 447 2133 Nam
468 2102 507 2133 ut
529 2098 617 2133 servi
642 2098 761 2132 volunt
786 2109 871 2139 esse,
899 2097 951 2131 ita
977 2097 1085 2132 solent
1113 2096 1178 2142 [eri
1203 2098 1303 2143 ecem]

359 2163 448 2199 Boni
476 2167 556 2199 «sunt
584 2162 727 2211 [boni3]‚
759 2161 888 2208 inprobi
913 2164 994 2197 sunt
1018 2161 1185 2210 maleficis.

286 2228 334 2263 Hi
361 2241 477 2264 versus
502 2228 593 2275 apud
611 2227 844 2262 Camerarium
863 2230 897 2261 et
915 2226 1146 2272 Gronovium,
1174 2240 1259 2274 quos
1279 2228 1433 2274 sequitur

285 2292 332 2328 Le
360 2292 488 2338 Maire‚
515 2293 677 2340 leguntur
704 2291 771 2327 sic:
