1752 2978
846 297 890 329 65

390 386 450 423 Vs.
480 388 551 422 524
579 400 628 434 sq.
1096 425 1099 428 Δ

292 451 358 487 ΤΗ.
381 450 473 497 Quor
491 452 667 501 noufuqi8
686 450 752 488 tu?
765 452 827 489 Ta.
845 453 940 500 [Sine
953 466 1019 488 me.-
1033 458 1088 489 eat
1097 481 1106 497 ‚
1122 453 1205 500 quid
1215 466 1310 499 aqam
1320 452 1348 500 ,]
1364 452 1443 487 scio.

292 516 358 553 ΤΗ.
380 518 480 565 [Hem
488 519 515 566 ‚]
537 518 619 566 quid
635 518 726 554 modo
748 517 883 564 iyitur?
905 532 966 554 cur
990 522 1085 554 tanto
1107 531 1202 563 opere
1214 516 1443 554 emtimueras?

292 582 342 619 Hi
367 595 484 619 versus
508 582 611 630 vulgo
636 582 798 630 leguntur
824 583 890 618 sic:

291 648 357 684 ΤΗ.
387 649 454 684 Cur
475 660 541 684 non
554 648 660 695 fuqz's
686 646 752 683 tu?
776 648 839 683 Tu.
867 649 945 683 Pax
968 649 1050 683 mihi
1074 653 1123 684 est
1147 661 1219 683 cum
1243 647 1395 683 mortuis.

291 712 357 748 ΤΗ.
377 712 462 748 Seio.
489 711 581 757 Quid
588 710 606 746 ?
625 713 716 748 modo
738 712 844 757 iqitur
863 725 923 748 cur
944 716 1117 758 tantopere
1139 710 1367 747 extimueras?

291 775 394 821 Quod
417 776 543 811 attinet
568 775 611 811 ad
635 776 738 811 verba
763 775 887 811 ultima
913 775 1040 823 prioris
1066 789 1202 811 versus:
1235 777 1341 815 ''Pax
1360 776 1441 811 mihi

290 838 369 876 est’'
395 844 478 884 cet„
498 853 537 876 ea
557 839 767 878 Bitschelius
798 844 888 875 recte
915 840 1001 875 mihi
1029 840 1166 875 videtur
1187 840 1348 875 statuisse
1375 840 1440 875 ite—

290 910 364 941 rata
394 918 467 941 esse
499 919 517 941 e
543 918 592 941 vs,
619 907 709 949 514,
736 918 822 952 quae
848 906 935 941 hane
961 906 1066 941 etiam
1092 906 1137 942 ob
1163 918 1298 941 causam
1325 906 1442 954 spuria
1487 924 1490 927 Δ

287 970 422 1018 judico,
448 970 538 1017 quod
561 974 701 1018 propter
727 970 881 1006 animum
900 970 1140 1006 meticulosum
1159 970 1342 1006 Tranionis
1361 970 1441 1006 huie

290 1047 387 1071 servo
410 1048 532 1083 parum
557 1035 785 1079 conveniunt,
812 1035 1023 1083 Theuropidi
1049 1039 1164 1071 autem
1189 1035 1254 1071 hoc
1279 1035 1354 1071 loco
1379 1035 1440 1070 tri-

290 1101 350 1136 bui
376 1114 446 1136 non
459 1105 620 1148 possunt,
649 1102 810 1147 quoniam
829 1114 897 1136 non
917 1102 1099 1136 cohaerent
1117 1114 1195 1136 cum
1215 1101 1326 1137 verbis
1345 1102 1439 1148 ejus:

294 1183 312 1205 a
328 1165 421 1211 Quor
445 1178 512 1201 nou
525 1166 630 1214 suqz's
658 1164 741 1201 tu¹'?
777 1165 871 1201 Hinc
897 1165 1051 1212 sequitur
1081 1166 1185 1201 etiam
1212 1166 1354 1202 verbum
1375 1166 1441 1201 scio

290 1244 361 1267 non
393 1244 465 1267 esse
503 1231 741 1279 TheuropidiS.
803 1231 987 1278 Ingeniosa
1027 1231 1235 1267 Ritsohelius
1264 1232 1439 1276 lacunam,

291 1308 393 1343 quam
428 1297 644 1332 statuendam
681 1309 753 1331 esse
786 1308 878 1331 nunc
919 1309 1039 1339 nemo,
1076 1297 1217 1344 opinor,
1259 1297 1341 1341 erit,
1382 1297 1440 1343 qui

291 1365 412 1409 neget,
447 1361 637 1409 supplevit,
672 1361 826 1397 versibus
865 1361 914 1396 sic
952 1361 1220 1409 interpolandis,
1259 1366 1298 1397 ut
1341 1375 1442 1410 supra

291 1427 467 1474 descripsi.

388 1491 449 1527 Vs.
478 1492 560 1527 528.

341 1561 452 1606 Atque
476 1559 654 1595 Herculem
681 1558 808 1594 invoca.
834 1569 893 1594 ΤΗ.
919 1558 1102 1601 Hercules,
1131 1562 1163 1593 te
1188 1570 1243 1603 eqo
1269 1558 1392 1593 invoco.

253 1662 256 1665 K
291 1623 469 1659 Nimirum
495 1623 679 1659 Herculem
705 1621 891 1663 ἀλεξίκακον
912 1635 951 1674 ac
968 1626 1208 1670 portentorum
1224 1622 1441 1658 domitorem.

291 1688 420 1724 Eodem
445 1689 547 1724 modo
565 1688 656 1736 apud
677 1687 961 1736 Aristophanem,
987 1688 1024 1723 in
1042 1688 1137 1724 Plut.
1158 1701 1207 1723 vs.
1226 1689 1318 1730 417,
1338 1687 1441 1723 Chre-

291 1753 423 1800 mylus,
445 1766 550 1799 quum
577 1753 716 1788 videbat
742 1753 915 1788 horridam
942 1753 1199 1799 squalidamque
1227 1752 1366 1794 Πενιάν,
1386 1765 1441 1787 ex-

291 1817 433 1853 clamat:
464 1814 721 1863 ῃἨράκλεις”.,
736 1817 788 1860 Cf,.
815 1817 992 1853 Turnebus
1019 1817 1061 1853 ad
1087 1818 1121 1853 h.
1148 1818 1171 1853 l.
1191 1817 1349 1853 Ceterum
1368 1830 1440 1853 ver-

291 1894 385 1926 sum,
413 1882 472 1928 qui
499 1882 601 1930 vulgo
629 1882 678 1918 sic
703 1883 846 1931 legitur:

351 1949 461 1994 Atque
485 1946 663 1983 Herculem
687 1948 864 1983 invocabis.
890 1959 948 1983 ΤΗ.
975 1948 1157 1991 Hercules,
1186 1952 1218 1983 te
1243 1948 1381 1984 invoco!

291 2011 504 2048 claudicante
529 2016 657 2056 metro,
691 2012 884 2048 emendavit
910 2012 1137 2056 Ritschelius,
1166 2015 1298 2048 mutato
1325 2011 1442 2047 futuro

291 2077 329 2112 in
368 2077 628 2125 imperativum,
670 2078 728 2124 qui
763 2077 819 2113 hic
858 2078 971 2125 aptior
1011 2081 1064 2112 est
1102 2082 1136 2112 et
1173 2078 1303 2112 inserto
1338 2077 1441 2111 verbo

294 2160 313 2182 n
324 2141 423 2188 eqo''.
469 2142 605 2188 Quibus
651 2142 752 2178 dictis
797 2142 1031 2189 Theuropides
1071 2142 1159 2185 abit,
1199 2142 1291 2187 quod
1318 2141 1441 2176 efficias

292 2219 310 2242 e
335 2206 448 2242 verbis
473 2207 656 2242 Tranionis
683 2220 731 2243 vs.
760 2208 971 2242 529—531:

365 2273 411 2308 Et
435 2285 508 2318 eqo,
537 2273 598 2308 tibi
622 2273 717 2309 hodie
742 2276 780 2308 ut
805 2273 860 2308 det
868 2300 878 2316 ,
906 2284 1026 2315 senex,
1054 2285 1206 2317 maz-quum
1232 2272 1367 2308 malum.

366 2338 436 2373 Pro
462 2337 498 2372 di
522 2338 741 2382 immortales,
769 2338 893 2372 obsecro
920 2341 1062 2372 vostram
1082 2337 1204 2384 fidem,

1274 2403 1286 2424 s
