1752 2978
796 356 842 391 47

245 446 341 491 Quae
367 446 469 482 lectio
496 446 620 482 vitiosa
655 447 740 482 mihi
775 447 922 483 videtur.
975 447 1127 484 Verbum
1154 447 1247 483 enim
1273 447 1399 482 incedit

245 512 340 547 nullo
366 512 434 547 alio
462 512 563 548 modo
598 513 760 560 explicari
787 525 886 560 posse
912 513 1031 556 credo,
1068 513 1135 548 nisi
1162 516 1203 548 ut
1229 513 1397 561 interpre-

245 581 435 614 tamentum
461 578 552 613 inter
578 578 685 614 lineas
711 578 895 625 scriptum,
930 577 1022 624 quod
1049 578 1172 613 deinde
1199 579 1236 613 in
1262 582 1397 614 textum

244 643 394 691 irrepsit.
445 644 491 679 Et
525 657 560 679 re
586 656 665 679 vera
698 656 768 678 non
803 656 938 679 necesse
964 648 1016 679 est
1047 644 1191 680 addatur
1216 648 1296 692 post
1322 658 1397 681 ver-

244 708 326 744 bum
343 721 463 752 eccum,
483 709 574 755 quod
589 709 662 755 jam
679 708 764 743 satis
781 708 923 744 denotet
941 708 1200 745 Callidamatem
1214 709 1393 753 advenire,

244 772 496 809 Fleckeiseuius
543 773 724 821 proposuit
761 774 852 810 hunc
895 777 930 809 et
964 774 1219 821 praecedentem
1260 787 1396 811 versum

245 838 294 873 sic
317 839 447 886 legere:

245 905 302 939 Sec
326 908 418 940 estne
443 903 496 938 hio
522 915 610 938 mene
627 903 772 946 sodalis,
799 904 857 950 qui
873 904 937 938 bne
953 904 1078 939 incedit
1094 917 1166 939 eum
1183 917 1244 940 sua
1261 906 1367 941 amica
1379 908 1398 941 .?

361 969 392 1003 is
416 972 486 1003 est:
1320 1010 1326 1014 ι

249 1033 487 1070 Callidamam
513 1046 584 1067 cnm
610 1033 715 1068 amica
742 1045 847 1069 eccum
865 1033 1002 1069 incedit.
1029 1046 1125 1079 ewe,
1152 1035 1268 1070 oculus
1293 1046 1399 1069 meus:

246 1099 343 1143 Quae
381 1098 484 1133 lectio
524 1098 659 1133 etiamsi
698 1098 813 1133 minus
842 1098 977 1133 recedat
1011 1111 1031 1133 a
1063 1099 1258 1143 codicibus,
1286 1103 1401 1134 tamen

246 1167 426 1211 propterea
451 1175 521 1198 non
547 1163 677 1211 placet,
705 1163 797 1210 quod
823 1163 985 1211 repetitio
1004 1163 1187 1199 verborum
1205 1177 1278 1199 cum
1295 1164 1401 1199 amica

246 1227 350 1263 nimis
375 1227 538 1274 languida
563 1227 650 1264 mihi
677 1227 830 1272 videtur,
858 1232 894 1263 et
911 1228 1054 1264 verbum
1071 1229 1196 1264 incedit
1214 1229 1318 1264 etiam
1337 1229 1402 1264 hoc

246 1292 320 1327 loco
347 1304 576 1339 supevacuum
603 1295 667 1328 est.
702 1292 816 1337 Quam
842 1292 886 1328 ob
913 1305 985 1328 rem
1010 1293 1159 1328 maxime
1184 1293 1293 1341 probo
1319 1305 1400 1341 sup-

246 1357 477 1404 plementum,
518 1356 700 1392 Bitschelii
730 1359 906 1404 prefecto,
947 1357 1000 1393 Of.
1033 1358 1161 1405 Amph.
1188 1358 1282 1394 Prol.
1311 1360 1399 1393 1202

246 1421 335 1455 Nam
360 1433 450 1455 meus
466 1424 571 1465 pater
595 1421 690 1455 intus
714 1434 805 1456 nunc
828 1425 897 1464 est,
925 1433 1050 1465 eccam,
1078 1422 1224 1467 Iupiter.

346 1484 406 1520 Vs.
435 1486 519 1520 312.

266 1549 474 1584 Conveniunt
498 1550 712 1594 manuplares
736 1561 824 1584 eccos
830 1576 841 1592 ‚
860 1550 1025 1594 praedam
1041 1550 1230 1595 participes
1251 1554 1385 1595 petunt.

248 1613 471 1659 Manuplares
507 1617 588 1648 sunt
626 1612 899 1657 commilitones,
927 1613 1066 1661 proprie
1093 1614 1223 1649 milites
1249 1614 1403 1662 ejusdem

249 1679 437 1726 manipuli,
474 1679 533 1724 qui
566 1679 712 1714 arctiore
742 1679 999 1726 conjunctionis
1031 1679 1170 1715 vinculo
1202 1684 1299 1715 erant
1323 1694 1403 1715 con-

250 1743 389 1786 sociati,
418 1746 456 1778 ut
483 1743 577 1778 domi
605 1743 768 1787 curiales,
797 1743 974 1779 tribules.'
