1752 2978
294 380 843 392 *mmmmvvvmmvmavvvwwmvmmx
847 383 1218 391 mvwnmw—-Wssm

651 770 1082 820 PROLEGOMENA.

388 1135 517 1205 Quum
543 1161 648 1197 tironi
675 1161 914 1197 difficillimum
941 1161 1005 1206 sit,
1041 1161 1095 1198 his
1127 1161 1328 1210 praesertim
1355 1165 1440 1197 tem-

291 1226 453 1274 poribus,
481 1227 518 1262 in
543 1227 733 1274 philologia
769 1230 1009 1273 argumentum
1040 1227 1212 1271 invenire,
1254 1227 1345 1273 quod
1382 1228 1440 1262 ad-

290 1291 357 1327 huc
394 1304 494 1327 nemo
526 1291 680 1327 virorum
719 1291 899 1327 doctorum
942 1291 1065 1327 leviter
1110 1291 1230 1327 saltem
1266 1291 1440 1338 tetigerit,

290 1369 326 1392 re
352 1369 432 1392 vera
456 1356 563 1392 animi
589 1356 798 1404 pendebam,
835 1368 902 1402 qua
933 1356 975 1391 de
1008 1369 1044 1391 re
1071 1356 1241 1403 specimen
1274 1356 1442 1392 academi-

290 1434 368 1456 cum
393 1421 605 1456 conscribere
636 1421 873 1465 instituerem,
910 1434 1018 1468 eoque
1051 1421 1160 1468 magis
1187 1422 1279 1468 quod
1304 1421 1444 1457 verebar

290 1498 333 1521 ne
366 1486 456 1522 vires
487 1498 557 1522 non
592 1485 852 1534 suppeditarent
884 1486 928 1522 ad
961 1486 1159 1530 materiam,
1196 1498 1444 1533 quamcumque

290 1550 487 1587 sumsissem
513 1551 563 1587 ita
588 1551 821 1596 tractandam,
844 1555 884 1587 ut
910 1551 1089 1588 doctorum
1115 1552 1268 1588 virorum
1288 1551 1441 1587 inventis

289 1621 324 1652 et
349 1617 534 1664 disputatis
559 1617 642 1653 novi
668 1617 752 1664 quid
776 1617 900 1653 addere
924 1630 1071 1665 possem.
1123 1617 1241 1662 Quum
1264 1618 1443 1653 nihilomi-

288 1694 373 1725 nus,
400 1682 474 1728 lege
505 1682 664 1729 jubente,
692 1682 824 1728 aliquid
850 1682 1032 1718 scriberem
1058 1694 1193 1717 necesse
1219 1685 1325 1726 esset,
1360 1695 1441 1718 con-

288 1747 376 1783 verti
402 1759 456 1783 me
482 1747 525 1782 ad
542 1759 674 1782 musam
692 1746 875 1790 comicam,
899 1759 1001 1793 quam
1019 1759 1152 1795 semper
1170 1760 1305 1783 summo
1324 1760 1440 1783 amore

287 1812 483 1859 complexus
510 1824 604 1855 sum,
631 1811 796 1858 cujusque
826 1811 1089 1846 festivissimum
1112 1811 1305 1846 antistitem
1336 1811 1439 1847 Plau-

287 1880 362 1912 tum
403 1889 535 1924 semper
570 1875 686 1927 habui.
739 1876 855 1923 Hujus
889 1875 998 1923 igitur
1035 1876 1246 1912 comoediam
1289 1876 1439 1923 aliqua-m

287 1942 454 1989 explicare
480 1941 597 1977 statui.
647 1941 746 1988 Elegi
773 1940 1041 1983 Mostellariam,
1075 1953 1160 1987 quae
1185 1941 1232 1975 sit
1257 1941 1295 1975 in
1321 1954 1438 1976 earum

286 2020 428 2043 numero
463 2019 547 2055 quae
573 2006 715 2042 minime
739 2006 848 2042 bonos
883 2018 994 2041 mores
1019 2005 1158 2041 laedant
1180 2018 1347 2053 quaeque,
1380 2019 1438 2042 ex-

285 2073 393 2120 ceptis
417 2073 553 2120 paucis,
589 2072 743 2107 omnium
777 2084 884 2118 paene
916 2071 1130 2118 lepidissima
1161 2071 1208 2106 sit
1240 2075 1275 2106 et
1301 2072 1436 2118 elegan-

285 2137 430 2172 tissima.
483 2136 583 2172 Hanc
608 2149 670 2184 pro
706 2135 838 2171 viribus
874 2135 1120 2171 commentario
1153 2138 1319 2183 perpetuo
1355 2135 1436 2171 illu-

285 2206 392 2237 strare
410 2202 566 2245 institui,
586 2202 622 2237 in
637 2214 704 2248 quo
722 2200 929 2237 conficiendo
947 2201 1098 2248 spectavi
1117 2200 1264 2236 maxime
1282 2201 1438 2236 tironum

284 2267 473 2302 utilitatem
499 2266 650 2314 primum
676 2266 838 2301 Plautum
864 2265 1085 2309 adeuntium,
1112 2265 1236 2312 quibus
1267 2266 1331 2301 hac
1363 2279 1437 2301 mea

285 2345 386 2379 opera
423 2332 519 2378 quasi
558 2331 804 2367 adminiculum
840 2330 918 2366 dare
950 2331 1035 2366 mihi
1071 2331 1248 2378 proposui.
1303 2331 1436 2375 Quodsi

1266 2396 1278 2417 1
