1752 2978
880 254 901 287 6

547 340 653 377 ‘'Otav
671 341 712 377 τύ
711 356 761 391 12⁷2
782 356 830 385 τις
850 340 1039 385 εὐνοοῦντος
1051 339 1192 383 οἰκέτου,

552 407 610 443 οὐκ
627 407 715 443 ἔστιν
738 407 836 443 οὐδὲν
854 409 966 454 κτῆμα
989 407 1119 444 κάλλιον
1136 408 1221 453 βίου.

312 472 431 519 Ejusd.
460 469 715 517 Ἐμπιπραμένη
743 473 786 508 fr.
815 474 849 508 2.

561 565 715 575 ......
747 536 835 583 Τρία
857 534 922 583 γάρ
952 536 1038 579 ἔστι,
1056 534 1216 580 δέσποτα,

554 601 597 637 δι’
620 598 666 638 ὦν
682 599 814 638 ἅπαντα
834 601 939 649 γίνετ’,
958 601 981 650 ἢ
1008 601 1090 638 κατά
1105 601 1183 646 τούς
1202 599 1343 647 νόμους,

553 667 576 715 ἢ
593 670 664 712 τᾶις
683 668 853 715 ἀνάγκαις,
875 667 897 715 ἢ
916 667 958 704 td
976 669 1088 716 τρίτον
1109 667 1182 705 ἔθει
1204 669 1275 704 τινί.

311 733 432 779 Ejusd.
458 733 500 768 fr.
529 733 596 768 inc.
623 732 850 768 CCLXXIX.

547 794 757 844 Ἐλευθέρως
774 794 924 840 δούλευε,
941 798 1061 840 δοῦλος
1079 795 1136 832 οὐκ
1153 795 1227 832 ἔσει.

411 862 506 899 Hinc
538 862 638 899 facile
676 863 853 910 colligitur
890 863 1127 899 conditionem
1171 875 1346 898 servorum
1376 863 1468 910 apud

312 927 542 964 Athenienses
568 929 679 964 multo
705 928 881 964 mitiorem
907 928 1014 965 fuisse
1039 941 1142 976 quam
1167 928 1259 976 apud
1276 928 1465 973 Romanos,

312 993 404 1039 quod
421 993 608 1029 discrimen
626 993 867 1042 explicandum
885 1007 927 1029 ex
944 994 1061 1030 indole
1079 993 1218 1029 mitiore
1237 993 1466 1038 Graecorum,

312 1071 397 1104 quae
422 1071 493 1095 non
520 1058 649 1095 sineret
673 1059 831 1095 homines
857 1062 1037 1107 tantopere
1053 1058 1158 1095 nihili
1175 1071 1259 1095 esse.
1290 1058 1372 1094 Alia
1397 1058 1466 1094 dis-

311 1123 505 1160 similitudo
530 1124 646 1172 posita
672 1127 724 1160 est
749 1124 787 1160 in
814 1124 981 1160 sermonis
1015 1124 1146 1168 colore,
1185 1136 1291 1170 quum
1322 1124 1467 1160 Menan-

311 1188 371 1224 der
396 1189 568 1235 ceterique
592 1201 702 1225 novae
728 1189 924 1225 comoediae
949 1188 1133 1236 scriptores
1171 1188 1298 1225 multas
1328 1189 1468 1224 facetias

312 1253 489 1300 multaque
511 1254 589 1302 joca
614 1257 704 1290 tecte
729 1257 765 1290 et
790 1253 950 1302 ambigue
982 1253 1204 1300 eloquantur,
1243 1252 1324 1289 freti
1363 1253 1467 1289 nimi-

313 1331 390 1354 rum
424 1318 609 1366 sagacitate
642 1331 783 1354 suorum
818 1318 966 1362 civium,
1001 1318 1092 1364 quod
1127 1318 1310 1365 quominus
1341 1318 1468 1354 faceret

313 1383 459 1419 Plautus
485 1383 696 1431 impediebat
726 1383 836 1420 nimia
860 1383 926 1419 hoc
952 1387 1107 1432 tempore
1131 1383 1366 1419 Romanorum
1391 1395 1466 1418 rus-

313 1449 448 1491 ticitas,
485 1461 588 1494 quare
620 1449 764 1483 facetiae
799 1448 910 1495 magis
943 1452 1060 1495 aperte
1092 1448 1185 1495 apud
1217 1460 1295 1484 eum
1320 1447 1468 1495 proferri

313 1514 437 1549 solent.
464 1513 566 1549 Hanc
591 1512 635 1548 ob
662 1525 798 1548 causam
825 1513 984 1559 equidem
1011 1512 1111 1549 credo
1137 1513 1238 1549 illum
1255 1512 1358 1548 initio
1377 1516 1468 1548 certe

312 1579 489 1614 imitatum
526 1578 633 1614 fuisse
671 1578 893 1626 potissimum
919 1579 1072 1614 Siculum
1096 1578 1358 1626 Epicharmum‚
1385 1582 1465 1626 poe'-

312 1648 382 1680 tam
409 1644 605 1679 comoediae
631 1643 801 1687 rudioris,
829 1643 1021 1679 audacioris
1045 1643 1316 1690 lasciviorisque.
1367 1643 1465 1679 Indi-

313 1712 367 1744 cat
392 1709 457 1745 hoc
483 1708 652 1744 Horatius
677 1708 731 1756 Ep
757 1708 816 1744 II:
844 1708 882 1744 I:
913 1711 957 1744 58
986 1722 1035 1755 sq.

391 1774 542 1809 Plautus
567 1774 614 1808 ad
637 1774 806 1818 exemplar
831 1774 938 1808 Siculi
955 1785 1157 1818 properasse
1183 1773 1376 1818 Epicharmi

394 1835 544 1874 Dicitur.

314 1916 399 1949 quae
431 1902 534 1938 verba
559 1903 652 1938 varie
678 1907 816 1950 accepta
840 1903 882 1939 ab
909 1903 1158 1950 interpretibus
1183 1915 1238 1938 me
1260 1902 1377 1949 judice
1403 1902 1467 1937 hoc

313 1966 525 2014 significant:
554 1968 718 2003 Plautum
752 1968 849 2015 quasi
874 1968 940 2004 cito
957 1981 1066 2014 passu
1092 1968 1199 2003 Siculi
1217 1970 1339 2013 poetae
1361 1981 1465 2003 exem-

304 2034 403 2077 plum
429 2046 499 2069 esse
523 2038 681 2069 secutum.

414 2100 459 2134 2⁰.
486 2098 636 2134 Fabulae
662 2098 787 2134 titulus
805 2102 857 2134 est
877 2098 1114 2141 Mostellaria,
1146 2097 1320 2133 derivatus
1337 2110 1358 2133 a
1374 2098 1466 2133 Mos-

314 2165 448 2207 tellum,
482 2163 694 2199 diminutivo
720 2162 817 2199 verbi
843 2164 1055 2207 Monstrum,
1084 2162 1176 2209 quod
1201 2163 1370 2209 significat
1394 2175 1467 2198 rem

312 2232 453 2263 naturae
487 2229 628 2264 modum
661 2228 906 2276 egredientem.
959 2228 1089 2263 Fabula
1120 2228 1169 2263 sic
1195 2228 1286 2263 dicta
1312 2227 1404 2275 quod
1429 2227 1467 2262 in

312 2307 349 2329 ea
368 2306 482 2329 senem
501 2293 697 2330 ludificatur
714 2294 860 2337 Tranio,
881 2293 1047 2330 simulans
1067 2294 1302 2330 Philolachem
1321 2293 1467 2330 terrifica
