1752 2978
863 252 933 286 114

316 343 345 378 E
384 341 566 390 proverbio
590 340 741 385 dictum,
770 340 862 388 quod
886 341 970 377 alibi
1000 343 1225 376 memoratum
1253 353 1323 376 non
1348 342 1470 389 reperi.

315 408 440 443 Sensus
480 411 547 442 est:
589 405 675 446 nubi
715 405 815 441 video
855 419 910 442 me
945 406 1134 454 judicium,
1164 406 1187 442 i.
1216 419 1242 441 e.
1279 406 1470 454 periculum

315 473 444 509 evitare
480 485 551 508 non
589 484 700 519 posse.
711 469 734 486 '³
787 471 935 507 Locutio
975 471 1055 507 inde
1090 471 1191 507 ducta
1218 472 1327 519 quod,
1357 476 1396 508 ut
1421 473 1471 508 ait

313 538 523 581 Lambinus,
555 538 660 584 fsjure
687 536 783 572 civili
810 541 906 573 extra
932 550 1033 573 suum
1051 537 1169 572 forum*
1182 549 1282 573 nemo
1298 538 1470 585 judicium

312 604 463 651 accipere
502 602 704 648 cogebatur,
744 601 782 636 in
809 614 871 636 suo
897 606 1013 637 autem
1040 602 1150 637 debet.
1204 602 1250 636 Et
1277 605 1372 637 actor
1398 602 1467 646 rei,

311 681 382 704 non
407 680 485 704 reus
511 666 636 702 actoris
662 667 776 702 forum
803 666 1000 713 sequitur.’'
1045 667 1153 702 Erant
1179 667 1270 702 enim
1298 667 1335 702 in
1364 667 1470 703 Italia

313 738 347 769 et
379 734 416 768 in
441 732 630 780 provinciis
657 732 786 778 passim
801 733 911 779 fora,
940 732 964 767 i.
992 745 1020 767 e.
1049 731 1191 779 oppida,
1219 732 1306 775 vici,
1335 732 1372 767 in
1392 732 1467 778 qui—

311 800 375 835 bus
407 798 509 834 certis
536 796 656 833 diebus
680 797 738 844 jus
765 796 953 833 dicebatur.
1005 797 1127 844 Itaque
1141 799 1266 845 forum
1293 804 1345 833 est
1369 798 1467 834 locus

312 869 346 900 et
377 863 449 900 dies
475 863 532 899 liti
559 861 708 909 agendae
735 862 957 898 constitutus.
1001 862 1054 898 Cf.
1082 861 1152 898 Cic.
1180 862 1277 898 Verr.
1305 862 1366 897 III
1393 875 1466 910 cap.

314 933 380 966 15:
410 948 428 970 ll
444 933 541 965 extra
567 941 661 963 suum
676 929 802 975 forum
829 927 1051 963 vadimonium
1070 928 1312 972 promittere.'’

411 994 472 1030 Vs.
501 995 609 1029 1054«.

311 1062 400 1096 Nam
428 1059 493 1094 scio
519 1059 666 1105 equidem
692 1058 787 1092 nullo
804 1060 908 1101 paeto
933 1056 1001 1091 iam
1026 1068 1094 1090 esse
1110 1069 1210 1101 posse
1236 1058 1322 1092 clam
1347 1048 1465 1094 senemss

312 1127 396 1161 Post
444 1124 536 1159 hunc
587 1135 723 1158 versum
762 1121 919 1156 lacunam
954 1133 1042 1165 esse,
1075 1120 1198 1156 efficias
1229 1122 1329 1166 inde,
1375 1123 1467 1169 quod

310 1191 435 1227 Tranio
487 1201 558 1224 non
608 1187 714 1230 dixit,
762 1198 847 1232 quae
885 1198 939 1221 res
974 1186 1061 1221 clam
1092 1199 1207 1221 senem
1239 1200 1310 1222 esse
1345 1188 1465 1234 nequi-

310 1261 381 1301 ret,
407 1266 517 1301 neque
543 1252 581 1288 id
606 1255 722 1287 narrat
747 1264 798 1286 vs,
826 1252 935 1286 1062.
987 1250 1151 1286 Ostendit
1167 1255 1341 1299 praeterea
1359 1253 1465 1288 codex

312 1324 363 1366 A,
403 1321 441 1355 in
478 1331 544 1365 quo
584 1317 734 1364 spatium
767 1319 898 1362 septem
922 1312 1083 1351 versuum
1109 1317 1200 1352 inter
1226 1330 1275 1353 vs,
1307 1319 1403 1353 1054
1431 1322 1466 1353 et

310 1401 361 1423 vs.
399 1386 495 1421 1062
534 1395 679 1418 vacuum
713 1380 873 1416 relictum
908 1384 976 1424 est,
1004 1393 1150 1427 quorum
1177 1394 1338 1418 versuum
1364 1383 1465 1430 plane

310 1450 534 1488 evanidorum
573 1446 663 1483 nihil
700 1445 769 1492 legi
799 1448 915 1493 potest
940 1445 1009 1480 nisi
1035 1446 1178 1483 initium
1205 1448 1322 1491 tertii,
1352 1448 1465 1494 quarti

311 1522 345 1553 et
384 1515 510 1564 quinti.
563 1511 745 1558 Quomodo
785 1509 995 1546 Ritschelius
1038 1512 1152 1547 locum
1179 1525 1323 1549 vacuum
1350 1513 1462 1561 exple-

310 1583 400 1620 verit
425 1580 542 1617 videas
568 1579 605 1614 in
632 1576 801 1620 editione,
828 1588 906 1623 pag.
935 1577 1005 1611 156
1034 1589 1083 1623 sq.

409 1632 607 1681 vs.‘1062.

312 1715 368 1749 Set
391 1711 473 1759 quid
496 1711 555 1745 hoe
581 1711 647 1750 est,
675 1706 763 1753 quod
774 1705 875 1751 foris
901 1707 1092 1751 concrepuit
1108 1720 1272 1752 prox-ame
1293 1708 1463 1744 viciniae?

308 1780 475 1813 pq-omme
503 1772 644 1808 viciniae
666 1769 877 1805 Ritschelius
904 1770 1041 1817 scripsit
1059 1784 1121 1818 pro
1141 1772 1280 1818 vulgato
1292 1786 1461 1818 prooemna

309 1843 451 1885 vicinia,
485 1838 619 1875 collatis
643 1836 728 1871 locis
755 1835 878 1870 Bacch.
906 1834 963 1870 H:
994 1838 1032 1870 2:
1061 1837 1126 1879 27,
1157 1837 1235 1873 Mil.
1263 1837 1319 1872 II:
1348 1840 1386 1873 2:
1418 1840 1459 1882 2,

309 1908 370 1944 ubi
408 1911 523 1941 tamen
560 1902 687 1948 legitur
719 1913 905 1946 prooeumae
931 1901 1090 1943 viciniae,
1119 1901 1222 1946 idque
1245 1902 1460 1948 probandum

308 1972 457 2008 videtur.
509 1969 572 2004 Est
611 1966 703 2002 enim
742 1964 936 2011 genitivuS,
977 1964 1051 2008 vel,
1083 1968 1123 2000 ut
1148 1965 1274 2001 rectius
1300 1970 1458 2013 putatur,

309 2038 445 2073 dativus
477 2035 591 2070 locum
629 2031 844 2078 significans,
873 2032 913 2064 ut
938 2030 1025 2064 domi
1051 2030 1123 2065 sive
1150 2031 1275 2073 domui,
1303 2032 1459 2076 milwae,

308 2103 399 2145 ruri,
429 2101 571 2141 Romae,
601 2095 754 2132 Corinthi
782 2096 836 2141 (ex
866 2094 1068 2140 Corinthi),
1100 2095 1316 2140 Cartkaqim',
1344 2097 1461 2143 proin

305 2170 397 2204 domo
423 2169 503 2201 cett.
541 2164 594 2199 De
620 2173 686 2208 quo
714 2160 813 2195 docte
838 2159 1030 2206 disputavit
1050 2160 1226 2204 Klotzius,
1248 2161 1411 2198 Zeitschr.
1434 2162 1458 2197 f.

307 2232 528 2268 Altherthum
558 2229 664 2262 1835.
694 2229 729 2259 11⁰
758 2226 814 2258 92.

729 2337 744 2340 »Δ
753 2326 1039 2349 ν--Θῦῦ--η
