1752 2978
850 268 895 300 92

260 355 455 390 ‘editiones
490 355 679 399 Gronovii,
720 356 865 400 Weisii,
908 357 956 392 Le
991 357 1107 393 Mairii
1136 369 1320 403 omnesque
1348 358 1442 393 codi-

284 433 358 464 ces,
385 424 511 456 temere
537 434 557 456 a
583 421 773 456 Bitschelio
800 425 934 457 tentata
960 435 1032 457 esse
1059 421 1193 468 opinor.

385 485 445 520 Vs.
474 486 557 520 821.

523 551 569 585 Εο
588 550 703 595 pretio
729 551 830 595 empti
844 554 1000 598 fuerant
1025 552 1113 586 olim.
1141 554 1205 586 cet.

285 612 414 648 Hiatus
445 613 482 649 in
518 614 582 649 hoc
615 626 714 649 versu
741 618 821 662 post
848 616 990 652 verbum
1016 615 1093 651 olim-
1120 614 1201 650 ferri
1226 618 1340 662 potest
1364 628 1440 662 pro-

283 680 361 724 pter
386 678 615 714 mutationem
641 692 865 726 personarum

385 743 444 779 Vs.
474 745 557 779 825.

367 836 374 844 .
405 836 413 844 .
443 837 450 844 .
480 837 487 845 .
520 810 607 848 Quia
633 811 748 855 edepol
772 813 863 846 ambo
889 813 928 846 ab
955 812 1086 858 insumo
1115 815 1238 846 tarmes
1262 814 1361 845 secat.

290 874 422 908 Parme-3
453 879 560 917 secat,
598 875 651 910 Cf.
683 875 821 910 Vitruv.
856 875 914 910 II:
951 877 991 910 9:
1024 878 1063 910 6:
1095 875 1209 914 „abies
1226 879 1385 920 procreat
1410 879 1443 909 et

284 938 352 973 alit
379 939 545 974 immitem
573 941 613 973 ab
639 952 737 986 eoque
762 940 918 974 vitiatur.
930 938 951 953 '’
990 939 1053 974 Est
1078 952 1186 985 genus
1214 939 1404 975 vermiculi.

387 1003 447 1038 Vs.
476 1005 559 1038 828.
891 1008 893 1010 ’

316 1068 396 1103 Non
421 1068 508 1103 enim
533 1070 614 1104 baec
631 1068 832 1115 pultifaqus
858 1070 983 1117 opufex
1008 1081 1108 1114 opera
1123 1068 1220 1116 fecit
1241 1069 1412 1104 barbarus.

286 1134 508 1181 Pultq‘faque,
534 1133 676 1170 verbum
695 1133 898 1181 hybridum,
926 1133 1157 1181 compositum
1175 1147 1194 1169 e
1211 1133 1321 1169 latino
1340 1133 1444 1170 verbo

279 1200 364 1245 puls
382 1202 417 1235 et
434 1212 554 1247 graeco
573 1203 706 1247 φαγεῖν,
724 1199 910 1247 significat:
931 1219 948 1239 n
957 1200 1014 1247 qui
1028 1200 1113 1235 vesci
1126 1200 1210 1235 &olet
1217 1198 1351 1245 pulte.”
1370 1199 1444 1235 No-

287 1267 362 1300 tum
401 1267 469 1307 est,
510 1268 550 1299 ut
590 1264 682 1311 apud
714 1265 863 1299 Graecos
897 1263 1024 1308 μάζαν,
1064 1265 1114 1299 ita
1148 1265 1240 1312 apud
1270 1265 1445 1300 Romanos

280 1330 412 1375 pultem
444 1329 551 1364 fuisse
576 1329 771 1375 antiquitus
797 1341 1014 1364 communem
1041 1329 1175 1372 cibum;
1202 1332 1321 1376 postea
1347 1341 1444 1372 vero,

288 1394 520 1429 invalescente
546 1406 650 1441 pane,
678 1394 808 1429 factum
835 1394 873 1429 id
899 1407 971 1429 esse
998 1394 1202 1429 alimentum
1222 1394 1386 1429 viliorum
1412 1398 1447 1429 et

288 1459 547 1506 pauperiorum:
574 1459 691 1505 itaque
706 1459 909 1506 pultg'f'aqus
935 1462 987 1494 est
1013 1458 1104 1494 idem
1132 1462 1234 1505 atque
1252 1459 1351 1502 vilis,
1371 1460 1446 1494 vul-

283 1524 396 1569 ,φανῶς
424 1523 522 1559 addit
548 1525 724 1567 barbarus,
753 1524 834 1570 quia
858 1524 1014 1571 plerique
1033 1524 1121 1559 fabri
1141 1528 1176 1558 et
1195 1524 1331 1571 opifices
1351 1528 1448 1559 erant

287 1589 393 1632 servi,
431 1589 559 1635 captivi
591 1601 631 1623 ex
659 1589 777 1624 Africa
804 1591 864 1623 aut
889 1580 1028 1624 aliunde
1055 1588 1201 1623 advecti.
1243 1589 1357 1633 Quare
1384 1589 1450 1623 hoc

288 1653 374 1688 dicit
399 1653 544 1688 Tranio:
574 1672 591 1692 n
602 1657 718 1700 postes
744 1653 869 1688 affabre
896 1653 1004 1689 factos
1031 1666 1122 1697 esse,
1152 1657 1190 1688 ut
1217 1653 1317 1688 facile
1343 1666 1447 1700 appa-

288 1723 360 1754 reat
386 1732 456 1754 non
482 1732 555 1754 esse
573 1732 660 1766 opus
678 1719 766 1754 fabri
784 1718 898 1763 rudis,
927 1719 989 1754 vili
1009 1719 1121 1767 pretio
1141 1717 1340 1754 conducti.’'
1368 1718 1448 1753 Sine

288 1797 388 1819 causa
414 1784 563 1831 Scaliger
580 1784 795 1831 pultifaqum
822 1784 935 1819 voluit
959 1784 1150 1831 significare
1177 1784 1354 1826 Poenum;
1382 1784 1447 1818 etsi

288 1849 380 1885 enim
408 1849 517 1885 Poeni
544 1849 649 1884 etiam
676 1849 773 1896 pulte
799 1849 851 1884 uti
875 1849 993 1893 soliti,
1022 1853 1056 1884 et
1076 1849 1118 1885 ab
1136 1849 1191 1884 his
1202 1850 1287 1894 puls
1297 1850 1446 1894 punica,

289 1915 378 1960 quod
406 1919 459 1949 est
484 1918 617 1949 certum
645 1914 753 1961 pultis
779 1926 903 1960 genus,
932 1914 1110 1948 nominata
1137 1918 1207 1957 est,
1236 1926 1305 1949 non
1333 1914 1367 1948 hi
1388 1917 1448 1948 aut

289 1980 353 2015 soli
380 1984 441 2015 aut
466 1980 575 2027 magis
601 1992 702 2026 quam
731 1979 790 2015 alii
817 1980 882 2015 hoc
908 1979 988 2014 cibo
1012 1979 1066 2014 usi
1093 1982 1185 2015 sunt.

388 2045 448 2081 Vs.
478 2047 562 2080 829.

357 2110 459 2146 Viden
486 2115 678 2156 coaymenta
703 2108 921 2157 inforibus?
948 2109 1014 2145 Tu.
1048 2109 1157 2145 Video.
1185 2110 1248 2145 ΤΚ.
1276 2114 1386 2155 specta

415 2189 513 2222 quam
540 2180 615 2211 arte
639 2176 824 2210 dormiunt.

295 2239 402 2283 Quam
421 2245 496 2276 arte
512 2240 684 2275 dormiunt
695 2268 704 2283 ,
733 2240 815 2274 haec
834 2240 937 2274 verba
955 2240 1126 2286 eleganter
1145 2239 1340 2275 Politianus
1359 2239 1450 2286 apud

291 2304 506 2340 Gronovium
560 2304 706 2351 explioa’r
753 2304 818 2339 sic:
884 2304 1005 2349 'sQuia
1045 2305 1227 2340 connivere
1268 2305 1448 2347 dicuntur,
