<?xml version="1.0" encoding="UTF-8"?>
<!DOCTYPE html PUBLIC "-//W3C//DTD XHTML 1.0 Transitional//EN"
    "http://www.w3.org/TR/xhtml1/DTD/xhtml1-transitional.dtd">
<html xmlns="http://www.w3.org/1999/xhtml" xml:lang="en" lang="en">
 <head>
  <title>
</title>
<meta http-equiv="Content-Type" content="text/html;charset=utf-8" />
  <meta name='ocr-system' content='tesseract 3.04.00' />
  <meta name='ocr-capabilities' content='ocr_page ocr_carea ocr_par ocr_line ocrx_word'/>
</head>
<body>
  <div class='ocr_page' id='page_1' title='image "4737243_0074.png"; bbox 0 0 1752 2978; ppageno 0'>
   <div class='ocr_carea' id='block_1_1' title="bbox 822 272 867 304">
    <p class='ocr_par' dir='ltr' id='par_1_1' title="bbox 822 272 867 304">
     <span class='ocr_line' id='line_1_1' title="bbox 822 272 867 304; baseline 0 0"><span class='ocrx_word' id='word_1_1' title='bbox 822 272 867 304; x_wconf 76' lang='lat'>62</span> 
     </span>
    </p>
   </div>
   <div class='ocr_carea' id='block_1_2' title="bbox 264 360 1427 1432">
    <p class='ocr_par' dir='ltr' id='par_1_2' title="bbox 362 360 599 406">
     <span class='ocr_line' id='line_1_2' title="bbox 362 360 599 406; baseline -0.004 -10"><span class='ocrx_word' id='word_1_2' title='bbox 362 360 422 396; x_wconf 87' lang='lat' dir='ltr'>Vs.</span> <span class='ocrx_word' id='word_1_3' title='bbox 450 360 521 395; x_wconf 77' lang='lat'>495</span> <span class='ocrx_word' id='word_1_4' title='bbox 550 372 599 406; x_wconf 86' lang='lat' dir='ltr'>sq.</span> 
     </span>
    </p>

    <p class='ocr_par' dir='ltr' id='par_1_3' title="bbox 264 425 1422 665">
     <span class='ocr_line' id='line_1_3' title="bbox 354 425 1190 472; baseline 0.001 -13"><span class='ocrx_word' id='word_1_5' title='bbox 354 425 531 460; x_wconf 71' lang='lat' dir='ltr'>Interdum</span> <span class='ocrx_word' id='word_1_6' title='bbox 554 425 665 470; x_wconf 73' lang='lat' dir='ltr'>inepte</span> <span class='ocrx_word' id='word_1_7' title='bbox 690 426 818 460; x_wconf 61' lang='lat' dir='ltr'>&amp;tuum</span> <span class='ocrx_word' id='word_1_8' title='bbox 842 438 894 468; x_wconf 72' lang='lat' dir='ltr'>es,</span> <span class='ocrx_word' id='word_1_9' title='bbox 924 425 1190 472; x_wconf 53' lang='lat' dir='ltr'>[Theuropidesfl</span> 
     </span>
     <span class='ocr_line' id='line_1_4' title="bbox 265 489 1417 536; baseline -0.001 -12"><span class='ocrx_word' id='word_1_10' title='bbox 265 489 331 524; x_wconf 79' lang='grc' dir='ltr'>ΤΗ.</span> <span class='ocrx_word' id='word_1_11' title='bbox 361 489 472 525; x_wconf 76' lang='lat' dir='ltr'>Taceo.</span> <span class='ocrx_word' id='word_1_12' title='bbox 512 489 575 525; x_wconf 65' lang='lat' dir='ltr'>Ta.</span> <span class='ocrx_word' id='word_1_13' title='bbox 603 490 660 525; x_wconf 78' lang='lat' dir='ltr'>Set</span> <span class='ocrx_word' id='word_1_14' title='bbox 686 502 770 533; x_wconf 80' lang='lat' dir='ltr'>ecce,</span> <span class='ocrx_word' id='word_1_15' title='bbox 803 502 886 536; x_wconf 79' lang='lat' dir='ltr'>quae</span> <span class='ocrx_word' id='word_1_16' title='bbox 911 490 969 524; x_wconf 81' lang='lat' dir='ltr'>illi</span> <span class='ocrx_word' id='word_1_17' title='bbox 994 490 1055 524; x_wconf 81' lang='lat' dir='ltr'>ille</span> <span class='ocrx_word' id='word_1_18' title='bbox 1080 489 1191 536; x_wconf 73' lang='lat' dir='ltr'>inquit</span> <span class='ocrx_word' id='word_1_19' title='bbox 1219 489 1382 535; x_wconf 72' lang='lat' dir='ltr'>[mortuos</span> <span class='ocrx_word' id='word_1_20' title='bbox 1390 490 1417 535; x_wconf 92' lang='grc'>.·]</span> 
     </span>
     <span class='ocr_line' id='line_1_5' title="bbox 264 553 1422 591; baseline -0.002 -2"><span class='ocrx_word' id='word_1_21' title='bbox 264 554 308 589; x_wconf 91' lang='lat' dir='ltr'>In</span> <span class='ocrx_word' id='word_1_22' title='bbox 356 554 510 589; x_wconf 74' lang='lat' dir='ltr'>editione</span> <span class='ocrx_word' id='word_1_23' title='bbox 557 554 681 590; x_wconf 81' lang='lat' dir='ltr'>Weisii</span> <span class='ocrx_word' id='word_1_24' title='bbox 724 555 761 590; x_wconf 89' lang='lat' dir='ltr'>hi</span> <span class='ocrx_word' id='word_1_25' title='bbox 807 568 923 591; x_wconf 83' lang='lat' dir='ltr'>versus</span> <span class='ocrx_word' id='word_1_26' title='bbox 964 555 999 590; x_wconf 89' lang='lat' dir='ltr'>in</span> <span class='ocrx_word' id='word_1_27' title='bbox 1040 567 1147 590; x_wconf 90' lang='lat' dir='ltr'><strong>unum</strong></span> <span class='ocrx_word' id='word_1_28' title='bbox 1186 553 1325 589; x_wconf 81' lang='lat' dir='ltr'>conflati</span> <span class='ocrx_word' id='word_1_29' title='bbox 1369 553 1422 587; x_wconf 83' lang='lat' dir='ltr'>sic</span> 
     </span>
     <span class='ocr_line' id='line_1_6' title="bbox 265 618 450 665; baseline 0.011 -12"><span class='ocrx_word' id='word_1_30' title='bbox 265 618 450 665; x_wconf 84' lang='lat' dir='ltr'>leguntur:</span> 
     </span>
    </p>

    <p class='ocr_par' dir='ltr' id='par_1_4' title="bbox 266 683 1424 979">
     <span class='ocr_line' id='line_1_7' title="bbox 332 683 1364 733; baseline -0.001 -14"><span class='ocrx_word' id='word_1_31' title='bbox 332 684 510 720; x_wconf 62' lang='lat' dir='ltr'>Inter-(bam</span> <span class='ocrx_word' id='word_1_32' title='bbox 535 685 646 730; x_wconf 74' lang='lat' dir='ltr'>inepte</span> <span class='ocrx_word' id='word_1_33' title='bbox 670 684 839 721; x_wconf 66' lang='lat' dir='ltr'>stultus’s.</span> <span class='ocrx_word' id='word_1_34' title='bbox 888 686 954 721; x_wconf 76' lang='lat' dir='ltr'>Sed</span> <span class='ocrx_word' id='word_1_35' title='bbox 976 697 1061 729; x_wconf 81' lang='lat' dir='ltr'>ecce,</span> <span class='ocrx_word' id='word_1_36' title='bbox 1090 697 1175 733; x_wconf 80' lang='lat' dir='ltr'>quae</span> <span class='ocrx_word' id='word_1_37' title='bbox 1200 684 1263 719; x_wconf 75' lang='lat' dir='ltr'>ille</span> <span class='ocrx_word' id='word_1_38' title='bbox 1288 683 1364 719; x_wconf 78' lang='lat' dir='ltr'>ait.-</span> 
     </span>
     <span class='ocr_line' id='line_1_8' title="bbox 267 748 1421 797; baseline -0.002 -13"><span class='ocrx_word' id='word_1_39' title='bbox 267 748 390 784; x_wconf 83' lang='lat' dir='ltr'>melius</span> <span class='ocrx_word' id='word_1_40' title='bbox 423 753 538 784; x_wconf 81' lang='lat' dir='ltr'>tamen</span> <span class='ocrx_word' id='word_1_41' title='bbox 570 749 637 784; x_wconf 87' lang='lat' dir='ltr'>erit</span> <span class='ocrx_word' id='word_1_42' title='bbox 675 762 753 785; x_wconf 89' lang='lat' dir='ltr'>cum</span> <span class='ocrx_word' id='word_1_43' title='bbox 779 750 970 785; x_wconf 85' lang='lat' dir='ltr'>Ritschelio</span> <span class='ocrx_word' id='word_1_44' title='bbox 997 749 1154 797; x_wconf 86' lang='lat' dir='ltr'>supplere</span> <span class='ocrx_word' id='word_1_45' title='bbox 1182 761 1230 784; x_wconf 88' lang='lat' dir='ltr'>vs.</span> <span class='ocrx_word' id='word_1_46' title='bbox 1257 750 1330 783; x_wconf 85' lang='lat'>495</span> <span class='ocrx_word' id='word_1_47' title='bbox 1360 760 1421 783; x_wconf 90' lang='lat' dir='ltr'>no-</span> 
     </span>
     <span class='ocr_line' id='line_1_9' title="bbox 266 811 1424 861; baseline 0 -14"><span class='ocrx_word' id='word_1_48' title='bbox 266 825 345 847; x_wconf 87' lang='lat' dir='ltr'>men</span> <span class='ocrx_word' id='word_1_49' title='bbox 377 813 612 858; x_wconf 59' lang='lat' dir='ltr'>Theuropidear,</span> <span class='ocrx_word' id='word_1_50' title='bbox 650 826 796 859; x_wconf 88' lang='lat' dir='ltr'>eumque</span> <span class='ocrx_word' id='word_1_51' title='bbox 824 827 957 849; x_wconf 85' lang='lat' dir='ltr'>versum</span> <span class='ocrx_word' id='word_1_52' title='bbox 985 814 1021 849; x_wconf 90' lang='lat' dir='ltr'>in</span> <span class='ocrx_word' id='word_1_53' title='bbox 1048 814 1133 849; x_wconf 88' lang='lat' dir='ltr'>duos</span> <span class='ocrx_word' id='word_1_54' title='bbox 1159 812 1295 861; x_wconf 85' lang='lat' dir='ltr'>partiri.</span> <span class='ocrx_word' id='word_1_55' title='bbox 1346 811 1424 847; x_wconf 82' lang='lat' dir='ltr'>Rit-</span> 
     </span>
     <span class='ocr_line' id='line_1_10' title="bbox 267 876 1423 922; baseline -0.001 -10"><span class='ocrx_word' id='word_1_56' title='bbox 267 877 386 913; x_wconf 87' lang='lat' dir='ltr'>schelii</span> <span class='ocrx_word' id='word_1_57' title='bbox 425 877 591 912; x_wconf 85' lang='lat' dir='ltr'>correctio</span> <span class='ocrx_word' id='word_1_58' title='bbox 637 878 766 914; x_wconf 87' lang='lat' dir='ltr'>nititur</span> <span class='ocrx_word' id='word_1_59' title='bbox 792 879 998 914; x_wconf 84' lang='lat' dir='ltr'>auctoritate</span> <span class='ocrx_word' id='word_1_60' title='bbox 1021 878 1148 914; x_wconf 85' lang='lat' dir='ltr'>codicis</span> <span class='ocrx_word' id='word_1_61' title='bbox 1166 878 1213 922; x_wconf 90' lang='lat' dir='ltr'>B,</span> <span class='ocrx_word' id='word_1_62' title='bbox 1240 876 1423 913; x_wconf 82' lang='lat' dir='ltr'>lectionem</span> 
     </span>
     <span class='ocr_line' id='line_1_11' title="bbox 267 942 631 979; baseline 0.005 -2"><span class='ocrx_word' id='word_1_63' title='bbox 267 942 461 978; x_wconf 87' lang='lat' dir='ltr'>exhibentis</span> <span class='ocrx_word' id='word_1_64' title='bbox 487 944 631 979; x_wconf 84' lang='lat' dir='ltr'>hancce:</span> 
     </span>
    </p>

    <p class='ocr_par' dir='ltr' id='par_1_5' title="bbox 417 1009 953 1054">
     <span class='ocr_line' id='line_1_12' title="bbox 417 1009 953 1054; baseline 0.004 -11"><span class='ocrx_word' id='word_1_65' title='bbox 417 1009 595 1044; x_wconf 75' lang='lat' dir='ltr'><em>Interdum</em></span> <span class='ocrx_word' id='word_1_66' title='bbox 618 1009 729 1054; x_wconf 72' lang='lat' dir='ltr'>inepte</span> <span class='ocrx_word' id='word_1_67' title='bbox 753 1010 882 1044; x_wconf 70' lang='lat' dir='ltr'>stultus</span> <span class='ocrx_word' id='word_1_68' title='bbox 908 1022 953 1045; x_wconf 73' lang='lat' dir='ltr'>es.</span> 
     </span>
    </p>

    <p class='ocr_par' dir='ltr' id='par_1_6' title="bbox 267 1073 1427 1432">
     <span class='ocr_line' id='line_1_13' title="bbox 416 1073 1241 1121; baseline 0.001 -13"><span class='ocrx_word' id='word_1_69' title='bbox 416 1073 482 1108; x_wconf 82' lang='grc' dir='ltr'>ΤΗ.</span> <span class='ocrx_word' id='word_1_70' title='bbox 514 1074 633 1117; x_wconf 78' lang='lat' dir='ltr'>Taceo,</span> <span class='ocrx_word' id='word_1_71' title='bbox 660 1074 723 1109; x_wconf 72' lang='grc' dir='ltr'>ΤΒ.</span> <span class='ocrx_word' id='word_1_72' title='bbox 750 1075 810 1109; x_wconf 72' lang='lat' dir='ltr'>sed</span> <span class='ocrx_word' id='word_1_73' title='bbox 832 1087 902 1110; x_wconf 78' lang='lat' dir='ltr'>ecce</span> <span class='ocrx_word' id='word_1_74' title='bbox 925 1087 1010 1121; x_wconf 80' lang='lat' dir='ltr'>quae</span> <span class='ocrx_word' id='word_1_75' title='bbox 1032 1074 1094 1110; x_wconf 78' lang='lat' dir='ltr'>ille</span> <span class='ocrx_word' id='word_1_76' title='bbox 1118 1073 1241 1120; x_wconf 73' lang='lat' dir='ltr'>inquit.</span> 
     </span>
     <span class='ocr_line' id='line_1_14' title="bbox 268 1136 1424 1186; baseline 0 -14"><span class='ocrx_word' id='word_1_77' title='bbox 268 1136 377 1183; x_wconf 81' lang='lat' dir='ltr'><strong>Atqui</strong></span> <span class='ocrx_word' id='word_1_78' title='bbox 403 1136 511 1184; x_wconf 86' lang='lat' dir='ltr'>priori</span> <span class='ocrx_word' id='word_1_79' title='bbox 538 1138 652 1173; x_wconf 82' lang='lat' dir='ltr'>versui</span> <span class='ocrx_word' id='word_1_80' title='bbox 680 1138 805 1173; x_wconf 82' lang='lat' dir='ltr'><strong>desunt</strong></span> <span class='ocrx_word' id='word_1_81' title='bbox 830 1138 899 1174; x_wconf 90' lang='lat' dir='ltr'>duo</span> <span class='ocrx_word' id='word_1_82' title='bbox 926 1138 1053 1185; x_wconf 78' lang='lat' dir='ltr'>integri</span> <span class='ocrx_word' id='word_1_83' title='bbox 1067 1138 1190 1186; x_wconf 85' lang='lat' dir='ltr'>pedes,</span> <span class='ocrx_word' id='word_1_84' title='bbox 1218 1149 1322 1183; x_wconf 74' lang='lat' dir='ltr'>quare</span> <span class='ocrx_word' id='word_1_85' title='bbox 1348 1137 1424 1172; x_wconf 85' lang='lat' dir='ltr'>Rit-</span> 
     </span>
     <span class='ocr_line' id='line_1_15' title="bbox 267 1201 1426 1250; baseline 0 -13"><span class='ocrx_word' id='word_1_86' title='bbox 267 1201 414 1238; x_wconf 84' lang='lat' dir='ltr'>schelius</span> <span class='ocrx_word' id='word_1_87' title='bbox 439 1206 530 1238; x_wconf 88' lang='lat' dir='ltr'>recte</span> <span class='ocrx_word' id='word_1_88' title='bbox 555 1203 702 1239; x_wconf 87' lang='lat' dir='ltr'>inseruit</span> <span class='ocrx_word' id='word_1_89' title='bbox 730 1222 747 1243; x_wconf 79' lang='grc' dir='ltr'><em>η</em></span> <span class='ocrx_word' id='word_1_90' title='bbox 764 1203 1027 1249; x_wconf 71' lang='lat' dir='ltr'>Tbeuropides”‚</span> <span class='ocrx_word' id='word_1_91' title='bbox 1056 1203 1148 1250; x_wconf 90' lang='lat' dir='ltr'>quod</span> <span class='ocrx_word' id='word_1_92' title='bbox 1173 1215 1299 1239; x_wconf 89' lang='lat' dir='ltr'>nomen</span> <span class='ocrx_word' id='word_1_93' title='bbox 1326 1202 1426 1237; x_wconf 86' lang='lat' dir='ltr'>facile</span> 
     </span>
     <span class='ocr_line' id='line_1_16' title="bbox 268 1266 1423 1314; baseline 0.002 -14"><span class='ocrx_word' id='word_1_94' title='bbox 268 1266 423 1301; x_wconf 84' lang='lat' dir='ltr'>excidere</span> <span class='ocrx_word' id='word_1_95' title='bbox 460 1268 588 1314; x_wconf 81' lang='lat' dir='ltr'>potuit.</span> <span class='ocrx_word' id='word_1_96' title='bbox 634 1268 733 1303; x_wconf 83' lang='lat' dir='ltr'>Alter</span> <span class='ocrx_word' id='word_1_97' title='bbox 765 1280 846 1303; x_wconf 85' lang='lat' dir='ltr'>vero</span> <span class='ocrx_word' id='word_1_98' title='bbox 871 1268 1043 1304; x_wconf 75' lang='lat' dir='ltr'>claudicat</span> <span class='ocrx_word' id='word_1_99' title='bbox 1076 1271 1206 1311; x_wconf 81' lang='lat' dir='ltr'>metm,</span> <span class='ocrx_word' id='word_1_100' title='bbox 1246 1280 1347 1313; x_wconf 83' lang='lat' dir='ltr'>quem</span> <span class='ocrx_word' id='word_1_101' title='bbox 1374 1268 1423 1302; x_wconf 81' lang='lat' dir='ltr'>sic</span> 
     </span>
     <span class='ocr_line' id='line_1_17' title="bbox 268 1330 1427 1377; baseline 0.002 -12"><span class='ocrx_word' id='word_1_102' title='bbox 268 1330 452 1377; x_wconf 84' lang='lat' dir='ltr'>legendum</span> <span class='ocrx_word' id='word_1_103' title='bbox 501 1344 621 1367; x_wconf 81' lang='lat' dir='ltr'>censeo</span> <span class='ocrx_word' id='word_1_104' title='bbox 661 1335 700 1366; x_wconf 90' lang='lat' dir='ltr'>ut</span> <span class='ocrx_word' id='word_1_105' title='bbox 734 1331 944 1368; x_wconf 72' lang='lat' dir='ltr'>Ritschelius</span> <span class='ocrx_word' id='word_1_106' title='bbox 980 1332 1082 1377; x_wconf 81' lang='lat' dir='ltr'>facit,</span> <span class='ocrx_word' id='word_1_107' title='bbox 1121 1332 1262 1368; x_wconf 83' lang='lat' dir='ltr'>insertis</span> <span class='ocrx_word' id='word_1_108' title='bbox 1299 1333 1359 1369; x_wconf 78' lang='lat' dir='ltr'>illi</span> <span class='ocrx_word' id='word_1_109' title='bbox 1391 1336 1427 1367; x_wconf 89' lang='lat' dir='ltr'>et</span> 
     </span>
     <span class='ocr_line' id='line_1_18' title="bbox 270 1401 426 1432; baseline 0.006 -1"><span class='ocrx_word' id='word_1_110' title='bbox 270 1401 426 1432; x_wconf 74' lang='lat' dir='ltr'>mortuos.</span> 
     </span>
    </p>
   </div>
   <div class='ocr_carea' id='block_1_3' title="bbox 269 1461 1431 2349">
    <p class='ocr_par' dir='ltr' id='par_1_7' title="bbox 269 1461 1431 2349">
     <span class='ocr_line' id='line_1_19' title="bbox 369 1461 608 1506; baseline 0.004 -12"><span class='ocrx_word' id='word_1_111' title='bbox 369 1461 430 1496; x_wconf 87' lang='lat' dir='ltr'>Vs.</span> <span class='ocrx_word' id='word_1_112' title='bbox 460 1462 528 1495; x_wconf 87' lang='lat'>500</span> <span class='ocrx_word' id='word_1_113' title='bbox 558 1473 608 1506; x_wconf 87' lang='lat' dir='ltr'>sq.</span> 
     </span>
     <span class='ocr_line' id='line_1_20' title="bbox 445 1527 1246 1574; baseline 0 -14"><span class='ocrx_word' id='word_1_114' title='bbox 445 1553 1014 1561; x_wconf 91' lang='grc'><strong>..........</strong></span> <span class='ocrx_word' id='word_1_115' title='bbox 1062 1540 1126 1571; x_wconf 78' lang='lat' dir='ltr'>per</span> <span class='ocrx_word' id='word_1_116' title='bbox 1142 1527 1246 1574; x_wconf 79' lang='lat' dir='ltr'>fidem</span> 
     </span>
     <span class='ocr_line' id='line_1_21' title="bbox 443 1590 1020 1634; baseline 0.002 -10"><span class='ocrx_word' id='word_1_117' title='bbox 443 1590 609 1634; x_wconf 70' lang='lat' dir='ltr'>Deceptus</span> <span class='ocrx_word' id='word_1_118' title='bbox 634 1602 724 1624; x_wconf 67' lang='lat' dir='ltr'>eum:</span> <span class='ocrx_word' id='word_1_119' title='bbox 764 1618 1020 1625; x_wconf 90' lang='grc'><em>.....</em></span> 
     </span>
     <span class='ocr_line' id='line_1_22' title="bbox 269 1653 1431 1703; baseline 0.001 -14"><span class='ocrx_word' id='word_1_120' title='bbox 269 1654 324 1689; x_wconf 87' lang='lat' dir='ltr'>Sic</span> <span class='ocrx_word' id='word_1_121' title='bbox 350 1666 449 1701; x_wconf 79' lang='lat' dir='ltr'>saepe</span> <span class='ocrx_word' id='word_1_122' title='bbox 475 1657 619 1689; x_wconf 81' lang='lat' dir='ltr'>veteres.</span> <span class='ocrx_word' id='word_1_123' title='bbox 647 1653 699 1690; x_wconf 84' lang='lat' dir='ltr'>Of.</span> <span class='ocrx_word' id='word_1_124' title='bbox 727 1654 797 1690; x_wconf 85' lang='lat' dir='ltr'>Cic.</span> <span class='ocrx_word' id='word_1_125' title='bbox 825 1668 887 1702; x_wconf 91' lang='lat' dir='ltr'>pro</span> <span class='ocrx_word' id='word_1_126' title='bbox 915 1656 1013 1691; x_wconf 75' lang='lat' dir='ltr'>Rosc.</span> <span class='ocrx_word' id='word_1_127' title='bbox 1041 1656 1121 1691; x_wconf 84' lang='lat' dir='ltr'>Am.</span> <span class='ocrx_word' id='word_1_128' title='bbox 1149 1668 1221 1703; x_wconf 80' lang='lat' dir='ltr'>cap.</span> <span class='ocrx_word' id='word_1_129' title='bbox 1248 1656 1314 1690; x_wconf 84' lang='lat'>40:</span> <span class='ocrx_word' id='word_1_130' title='bbox 1346 1674 1364 1695; x_wconf 69' lang='lat' dir='ltr'><em>u</em></span> <span class='ocrx_word' id='word_1_131' title='bbox 1375 1657 1431 1691; x_wconf 84' lang='lat' dir='ltr'>Ad</span> 
     </span>
     <span class='ocr_line' id='line_1_23' title="bbox 270 1719 1424 1768; baseline 0.001 -14"><span class='ocrx_word' id='word_1_132' title='bbox 270 1721 367 1766; x_wconf 73' lang='lat' dir='ltr'>eujus</span> <span class='ocrx_word' id='word_1_133' title='bbox 392 1719 499 1765; x_wconf 71' lang='lat' dir='ltr'>iqz&#39;tur</span> <span class='ocrx_word' id='word_1_134' title='bbox 511 1719 616 1767; x_wconf 80' lang='lat' dir='ltr'>fidem</span> <span class='ocrx_word' id='word_1_135' title='bbox 639 1721 829 1767; x_wconf 67' lang='lat' dir='ltr'>cwfuqiet,</span> <span class='ocrx_word' id='word_1_136' title='bbox 858 1734 931 1756; x_wconf 79' lang='lat' dir='ltr'>cum</span> <span class='ocrx_word' id='word_1_137' title='bbox 949 1734 1013 1766; x_wconf 79' lang='lat' dir='ltr'>per</span> <span class='ocrx_word' id='word_1_138' title='bbox 1036 1721 1112 1767; x_wconf 65' lang='lat' dir='ltr'>ejus</span> <span class='ocrx_word' id='word_1_139' title='bbox 1127 1721 1232 1768; x_wconf 81' lang='lat' dir='ltr'>fidem</span> <span class='ocrx_word' id='word_1_140' title='bbox 1260 1721 1424 1764; x_wconf 74' lang='lat' dir='ltr'>laeditur,</span> 
     </span>
     <span class='ocr_line' id='line_1_24' title="bbox 269 1782 1325 1829; baseline 0.001 -9"><span class='ocrx_word' id='word_1_141' title='bbox 269 1786 323 1820; x_wconf 76' lang='lat' dir='ltr'>cui</span> <span class='ocrx_word' id='word_1_142' title='bbox 347 1798 382 1820; x_wconf 70' lang='lat' dir='ltr'>se</span> <span class='ocrx_word' id='word_1_143' title='bbox 406 1782 669 1828; x_wconf 69' lang='lat' dir='ltr'>commiserit?&#39;’,</span> <span class='ocrx_word' id='word_1_144' title='bbox 697 1785 776 1821; x_wconf 87' lang='lat' dir='ltr'>Liv.</span> <span class='ocrx_word' id='word_1_145' title='bbox 802 1785 840 1820; x_wconf 89' lang='lat' dir='ltr'>I:</span> <span class='ocrx_word' id='word_1_146' title='bbox 867 1788 906 1829; x_wconf 86' lang='lat'>9,</span> <span class='ocrx_word' id='word_1_147' title='bbox 935 1786 1030 1821; x_wconf 84' lang='lat' dir='ltr'>Caes.</span> <span class='ocrx_word' id='word_1_148' title='bbox 1058 1786 1099 1821; x_wconf 87' lang='grc' dir='ltr'>Β.</span> <span class='ocrx_word' id='word_1_149' title='bbox 1127 1785 1170 1821; x_wconf 91' lang='lat' dir='ltr'>G.</span> <span class='ocrx_word' id='word_1_150' title='bbox 1198 1785 1236 1820; x_wconf 90' lang='lat' dir='ltr'>I:</span> <span class='ocrx_word' id='word_1_151' title='bbox 1264 1787 1325 1821; x_wconf 82' lang='lat'>46.</span> 
     </span>
     <span class='ocr_line' id='line_1_25' title="bbox 369 1850 542 1886; baseline 0.006 -2"><span class='ocrx_word' id='word_1_152' title='bbox 369 1850 430 1885; x_wconf 88' lang='lat' dir='ltr'>Vs.</span> <span class='ocrx_word' id='word_1_153' title='bbox 459 1851 542 1886; x_wconf 77' lang='lat'>504.</span> 
     </span>
     <span class='ocr_line' id='line_1_26' title="bbox 461 1914 1237 1960; baseline 0.001 -11"><span class='ocrx_word' id='word_1_154' title='bbox 461 1914 623 1949; x_wconf 67' lang='lat' dir='ltr'>Scelestae</span> <span class='ocrx_word' id='word_1_155' title='bbox 649 1914 728 1949; x_wconf 75' lang='lat' dir='ltr'>haec</span> <span class='ocrx_word' id='word_1_156' title='bbox 753 1915 869 1957; x_wconf 71' lang='lat' dir='ltr'>aedes,</span> <span class='ocrx_word' id='word_1_157' title='bbox 899 1915 1032 1960; x_wconf 71' lang='lat' dir='ltr'>impiast</span> <span class='ocrx_word' id='word_1_158' title='bbox 1058 1915 1237 1950; x_wconf 69' lang='lat' dir='ltr'>habitatio·</span> 
     </span>
     <span class='ocr_line' id='line_1_27' title="bbox 271 1978 1425 2025; baseline 0 -12"><span class='ocrx_word' id='word_1_159' title='bbox 271 1978 384 2025; x_wconf 84' lang='lat' dir='ltr'>Vulgo</span> <span class='ocrx_word' id='word_1_160' title='bbox 422 1978 536 2022; x_wconf 89' lang='lat' dir='ltr'>locus,</span> <span class='ocrx_word' id='word_1_161' title='bbox 576 1978 637 2014; x_wconf 88' lang='lat' dir='ltr'>ubi</span> <span class='ocrx_word' id='word_1_162' title='bbox 676 1979 785 2014; x_wconf 86' lang='lat' dir='ltr'>scelus</span> <span class='ocrx_word' id='word_1_163' title='bbox 813 1979 985 2025; x_wconf 85' lang='lat' dir='ltr'>quoddam</span> <span class='ocrx_word' id='word_1_164' title='bbox 1011 1979 1232 2014; x_wconf 85' lang='lat' dir='ltr'>commissum</span> <span class='ocrx_word' id='word_1_165' title='bbox 1260 1982 1333 2013; x_wconf 84' lang='lat' dir='ltr'>erat</span> <span class='ocrx_word' id='word_1_166' title='bbox 1372 1979 1425 2013; x_wconf 85' lang='lat' dir='ltr'>vel</span> 
     </span>
     <span class='ocr_line' id='line_1_28' title="bbox 269 2043 1426 2089; baseline -0.001 -11"><span class='ocrx_word' id='word_1_167' title='bbox 269 2043 401 2089; x_wconf 89' lang='lat' dir='ltr'>aliquid</span> <span class='ocrx_word' id='word_1_168' title='bbox 439 2043 520 2078; x_wconf 88' lang='lat' dir='ltr'>mali</span> <span class='ocrx_word' id='word_1_169' title='bbox 546 2043 734 2087; x_wconf 84' lang='lat' dir='ltr'>acciderat,</span> <span class='ocrx_word' id='word_1_170' title='bbox 760 2043 922 2079; x_wconf 84' lang='lat' dir='ltr'>scelestus</span> <span class='ocrx_word' id='word_1_171' title='bbox 948 2043 1152 2087; x_wconf 77' lang='lat' dir='ltr'>vocabatur,</span> <span class='ocrx_word' id='word_1_172' title='bbox 1182 2046 1221 2078; x_wconf 87' lang='lat' dir='ltr'>ut</span> <span class='ocrx_word' id='word_1_173' title='bbox 1247 2056 1280 2078; x_wconf 86' lang='lat' dir='ltr'>v.</span> <span class='ocrx_word' id='word_1_174' title='bbox 1305 2055 1333 2078; x_wconf 83' lang='lat' dir='ltr'>e.</span> <span class='ocrx_word' id='word_1_175' title='bbox 1366 2043 1426 2078; x_wconf 64' lang='lat' dir='ltr'>Via</span> 
     </span>
     <span class='ocr_line' id='line_1_29' title="bbox 269 2107 1425 2155; baseline 0.001 -14"><span class='ocrx_word' id='word_1_176' title='bbox 269 2110 425 2152; x_wconf 71' lang='lat' dir='ltr'>scelesta,</span> <span class='ocrx_word' id='word_1_177' title='bbox 453 2107 491 2143; x_wconf 89' lang='lat' dir='ltr'>in</span> <span class='ocrx_word' id='word_1_178' title='bbox 518 2120 584 2154; x_wconf 87' lang='lat' dir='ltr'>qua</span> <span class='ocrx_word' id='word_1_179' title='bbox 610 2108 724 2143; x_wconf 83' lang='lat' dir='ltr'>Tullia</span> <span class='ocrx_word' id='word_1_180' title='bbox 741 2111 922 2155; x_wconf 83' lang='lat' dir='ltr'>paternum</span> <span class='ocrx_word' id='word_1_181' title='bbox 942 2121 1064 2155; x_wconf 85' lang='lat' dir='ltr'>corpus</span> <span class='ocrx_word' id='word_1_182' title='bbox 1083 2107 1289 2152; x_wconf 86' lang='lat' dir='ltr'>obtriverat,</span> <span class='ocrx_word' id='word_1_183' title='bbox 1317 2109 1425 2143; x_wconf 78' lang='lat' dir='ltr'>Porta</span> 
     </span>
     <span class='ocr_line' id='line_1_30' title="bbox 270 2172 1426 2220; baseline 0.002 -12"><span class='ocrx_word' id='word_1_184' title='bbox 270 2174 426 2217; x_wconf 69' lang='lat' dir='ltr'>scelesta,</span> <span class='ocrx_word' id='word_1_185' title='bbox 467 2185 533 2220; x_wconf 85' lang='lat' dir='ltr'>qua</span> <span class='ocrx_word' id='word_1_186' title='bbox 571 2173 669 2209; x_wconf 80' lang='lat' dir='ltr'>Fabii</span> <span class='ocrx_word' id='word_1_187' title='bbox 704 2173 870 2209; x_wconf 85' lang='lat' dir='ltr'>exierant.</span> <span class='ocrx_word' id='word_1_188' title='bbox 930 2172 1044 2208; x_wconf 89' lang='lat' dir='ltr'>Simili</span> <span class='ocrx_word' id='word_1_189' title='bbox 1072 2185 1172 2208; x_wconf 85' lang='lat' dir='ltr'>sensu</span> <span class='ocrx_word' id='word_1_190' title='bbox 1198 2174 1301 2219; x_wconf 79' lang='lat' dir='ltr'>impia</span> <span class='ocrx_word' id='word_1_191' title='bbox 1327 2187 1426 2210; x_wconf 86' lang='lat' dir='ltr'>voca-</span> 
     </span>
     <span class='ocr_line' id='line_1_31' title="bbox 270 2238 1426 2285; baseline 0.002 -13"><span class='ocrx_word' id='word_1_192' title='bbox 270 2241 328 2273; x_wconf 87' lang='lat' dir='ltr'>tur</span> <span class='ocrx_word' id='word_1_193' title='bbox 366 2239 549 2283; x_wconf 73' lang='lat' dir='ltr'>habitatio,</span> <span class='ocrx_word' id='word_1_194' title='bbox 591 2250 692 2283; x_wconf 86' lang='lat' dir='ltr'>quam</span> <span class='ocrx_word' id='word_1_195' title='bbox 727 2238 822 2273; x_wconf 83' lang='lat' dir='ltr'>nefas</span> <span class='ocrx_word' id='word_1_196' title='bbox 860 2241 912 2272; x_wconf 81' lang='lat' dir='ltr'>est</span> <span class='ocrx_word' id='word_1_197' title='bbox 937 2250 1121 2285; x_wconf 86' lang='lat' dir='ltr'>occupare,</span> <span class='ocrx_word' id='word_1_198' title='bbox 1163 2238 1332 2274; x_wconf 85' lang='lat' dir='ltr'>foedatam</span> <span class='ocrx_word' id='word_1_199' title='bbox 1351 2252 1426 2274; x_wconf 86' lang='lat' dir='ltr'>cru-</span> 
     </span>
     <span class='ocr_line' id='line_1_32' title="bbox 270 2302 685 2349; baseline 0.002 -12"><span class='ocrx_word' id='word_1_200' title='bbox 270 2315 329 2337; x_wconf 85' lang='lat' dir='ltr'>ore</span> <span class='ocrx_word' id='word_1_201' title='bbox 354 2302 508 2338; x_wconf 87' lang='lat' dir='ltr'>nondum</span> <span class='ocrx_word' id='word_1_202' title='bbox 535 2303 685 2349; x_wconf 79' lang='lat' dir='ltr'>expiato.</span> 
     </span>
    </p>
   </div>
  </div>
 </body>
</html>
