1752 2978
870 294 914 327 12

309 396 360 420 vs.
411 386 482 420 432
535 384 682 432 incipit,
719 384 890 432 exciperet
928 386 1207 432 praecedentem,
1243 385 1316 421 sine
1358 385 1467 422 dubio

309 450 435 485 Tranio
473 450 702 498 Theuropidis
736 449 923 485 adventum
953 451 1184 488 nuntiavisset
1221 450 1283 486 tali
1317 451 1465 498 quodam

308 515 430 551 verbo:
480 519 580 562 atque
622 529 728 551 eccum
767 516 880 558 adest,
927 516 1017 551 sicut
1061 516 1189 551 factum
1234 520 1286 551 est
1323 516 1361 551 in
1399 517 1467 552 fine

308 579 434 614 Scenae
471 580 602 630 primae
641 580 750 614 Actus
781 580 947 624 Secundi,
986 580 1045 616 ubi
1080 580 1261 615 nuntiatur
1298 580 1466 615 adventus

309 644 558 680 Callidamatis.
608 643 743 680 Deinde
770 656 876 691 quum
901 644 1137 693 Theuropides
1163 645 1201 680 in
1228 657 1364 681 scenam
1385 658 1465 693 pro-

307 709 383 753 dit,
423 710 505 745 novi
543 709 626 756 quid
663 709 719 756 agi
757 709 899 757 incipit:
939 710 1068 757 gratias
1102 710 1162 745 ille
1199 710 1271 757 agit
1297 710 1376 745 Diis
1402 723 1466 757 pro

267 779 269 782 '
307 774 422 810 reditu
461 774 572 818 salvo,
608 787 710 821 quam
749 787 822 810 rem
858 787 930 810 non
964 775 1083 811 statim
1110 778 1200 811 certe
1225 774 1467 822 praecedentia

309 839 463 887 excipere
488 853 588 887 posse
614 840 773 886 equidem
798 839 961 877 arbitror.
1011 841 1169 887 Denique
1196 840 1379 887 quominus
1405 840 1466 876 ille

311 906 421 940 Actus
459 905 666 941 terminetur
706 918 756 941 vs,
803 906 871 940 531
916 906 1020 941 etiam
1072 906 1160 941 illud
1197 905 1336 950 obstat,
1374 906 1466 952 quod

310 970 436 1005 Tranio
462 982 514 1005 vs.
544 971 613 1005 541
642 970 747 1005 dicit:

371 1036 429 1071 Set
454 1035 612 1082 quidnam
637 1035 691 1070 hic
718 1035 806 1082 (Th.)
832 1047 901 1070 sese
926 1039 994 1070 tam
1022 1034 1087 1070 cito
1114 1035 1234 1080 recipit
1259 1036 1399 1070 domum.

410 1100 480 1145 Qui
506 1100 600 1135 enim
616 1099 681 1135 hoc
707 1099 819 1135 dicere
842 1102 959 1147 posset
977 1099 1006 1135 si
1024 1099 1116 1134 inter
1141 1099 1329 1135 discessum
1354 1099 1465 1135 Theu-

310 1159 440 1213 ropidis
468 1165 530 1212 (vs.
564 1166 648 1212 528)
677 1165 818 1213 ejusque
848 1164 999 1200 reditum
1021 1166 1083 1211 (vs.
1104 1165 1188 1212 547)
1215 1168 1353 1200 tantum
1378 1168 1466 1200 tem·

308 1230 402 1277 poris
428 1230 579 1278 spatium
616 1230 886 1277 praeterlapsum
914 1232 1018 1273 esset,
1052 1232 1219 1276 quantum
1245 1230 1466 1265 statuendum

309 1296 400 1331 inter
446 1295 532 1331 duos
571 1296 701 1332 Actus?
744 1295 862 1331 Etiam
900 1295 987 1330 mihi
1013 1294 1151 1331 videtur
1183 1295 1369 1331 absurdum
1394 1296 1468 1331 fore

309 1361 400 1395 inter
438 1365 574 1408 tempus
600 1374 667 1406 quo
697 1361 888 1407 loquuntur
914 1373 982 1395 vss.
1011 1361 1203 1395 529—531
1218 1388 1229 1404 ,
1263 1364 1298 1395 et
1323 1361 1361 1395 id
1399 1373 1467 1407 quo

311 1425 448 1460 danista
474 1425 513 1460 in
544 1438 680 1460 scenam
705 1425 847 1473 prodit,
880 1428 1017 1460 tantum
1049 1424 1271 1460 intervallum
1304 1428 1467 1460 statuere.

310 1490 380 1535 Qui
407 1490 573 1525 adventus
600 1489 788 1526 subitarius
815 1493 890 1534 est,
923 1489 1015 1536 quod
1041 1492 1182 1537 apparet
1208 1502 1226 1525 e
1245 1489 1359 1525 verbis
1385 1489 1466 1525 Tra-

310 1555 425 1590 nionis
451 1567 501 1591 νε.
530 1556 599 1590 536
618 1569 626 1590 t
653 1555 755 1590 Nunc
769 1556 836 1600 pol
851 1567 907 1599 eqo
916 1554 1012 1600 perii
1030 1566 1103 1600 sqq.
1120 1554 1332 1589 Distributio
1359 1554 1468 1600 igitur

310 1621 461 1655 Actuum
486 1620 569 1655 haec
594 1632 672 1655 cum
698 1619 889 1654 Ritschelio
916 1619 1115 1654 statuenda:

615 1685 724 1719 Actus
789 1684 847 1719 1¹¹⁸.
874 1696 925 1720 vs,
1003 1685 1075 1718 1-
1126 1684 1186 1719 83.

613 1750 723 1784 Actus
765 1748 846 1785 11⁰¹.
872 1761 924 1784 vs,
977 1749 1074 1783 85—-
1100 1749 1185 1784 430.

614 1815 723 1850 Actus
748 1814 845 1850 ΙΠ“·.
873 1827 923 1850 νε.
950 1815 1073 1849 431-
1101 1815 1185 1850 857.

614 1881 722 1915 Actus
757 1880 847 1915 IVu'.
873 1893 923 1915 vs.
952 1881 1185 1914 858—1040.

614 1946 723 1980 Actus
776 1945 846 1980 VM.
872 1945 1185 1980 vs.1041-1181.

410 2010 571 2055 Sequitur
609 2010 792 2044 Scenarum
836 2009 1042 2056 descriptio,
1069 2009 1107 2043 in
1144 2021 1211 2054 qua
1236 2009 1341 2043 etiam
1367 2008 1465 2055 plura

311 2079 448 2122 peccata
474 2078 568 2110 sunt.
620 2074 744 2109 Scenae
771 2073 877 2109 trium
903 2074 1058 2121 priorum
1085 2074 1237 2108 Actuum
1263 2072 1367 2120 vulgo
1393 2085 1462 2108 rec-

311 2145 344 2176 te
364 2144 445 2176 sunt
463 2140 615 2183 divisae,
635 2140 785 2175 Actuum
812 2139 925 2185 quarti
944 2143 978 2174 et
992 2138 1105 2185 quinti
1124 2138 1238 2173 minus
1256 2141 1363 2182 recte,
1384 2151 1467 2185 quas

311 2206 348 2240 in
372 2207 505 2253 justum
525 2205 681 2241 ordinem
708 2204 841 2252 redegit
859 2204 1081 2240 Ritschelius.
1118 2204 1164 2239 Et
1181 2203 1332 2252 primum
1357 2205 1467 2240 Actus

311 2273 425 2318 quarti
461 2285 545 2318 quae
580 2272 685 2318 vulgo
712 2274 765 2306 est
791 2270 897 2306 Scena
923 2270 1053 2318 prima,
1080 2270 1208 2306 rectius
1234 2270 1403 2305 dividitur
1428 2270 1466 2304 in

311 2337 394 2372 duas
420 2337 558 2372 Scenas:
588 2349 692 2372 unam
711 2349 761 2373 νε.
790 2336 1004 2380 858-884,
1025 2335 1168 2371 alteram
1187 2348 1237 2371 vs.
1259 2335 1467 2371 885-903.
