1752 2978
854 266 899 297 65

290 353 413 400 impias
440 365 511 388 esse
539 365 656 388 servus
683 353 848 388 mentitus
876 357 964 396 erat,
994 354 1154 389 venditor
1180 358 1293 390 autem
1313 356 1446 391 nullum

289 419 430 454 verbum
471 418 511 453 de
551 422 684 466 spectro
712 419 949 462 muttivisset,
978 419 1104 454 Tranio
1131 431 1245 455 senem
1271 420 1444 464 hortatur,

291 489 328 519 ut
366 483 536 518 actionem
577 484 661 518 furti
702 483 860 519 intendet
896 485 932 519 in
959 497 1056 528 eum,
1085 497 1152 531 quo
1180 485 1290 531 magis
1316 485 1446 520 scilicet

288 549 490 597 persuadeat
517 549 609 593 seni,
638 553 676 585 ut
704 549 775 585 suis
803 550 903 585 fidem
930 550 1053 585 habeat
1079 550 1277 586 mendaciis,

388 615 449 650 Vs.
479 616 563 650 561.

392 681 457 719 Qui
484 680 563 715 mila·
590 693 647 715 ozee
661 682 797 728 faenus
824 694 881 716 uec·
907 686 1025 716 -s-rtem
1052 682 1184 727 arqeuti
1209 682 1353 716 danunt.

288 745 483 780 Pronomen
510 745 552 779 ad
580 748 781 791 utrumque,
809 746 929 781 herum
957 750 990 780 et
1016 758 1174 789 servum,
1201 745 1362 793 pertinet.
1390 744 1443 779 Cf.

287 811 369 847 Aul.
397 810 474 846 III:
504 813 545 846 2:
573 812 618 846 23
647 823 697 857 sq.

352 889 409 912 EU.
437 877 690 921 Etiam-roffae,
718 878 852 911 sceleste
876 876 993 912 bomo?
1018 877 1075 923 qui
1101 878 1242 923 anqulos
1268 889 1376 912 omnes

353 942 508 976 Mem-um
534 941 661 976 aedium
690 945 723 976 et
748 941 950 976 conclavium
978 941 1059 976 milti
1076 942 1231 986 perviam
1246 941 1387 989 facitis.

287 1007 414 1054 Amph.
443 1007 498 1041 II:
528 1009 566 1041 2:
596 1008 665 1041 107
694 1019 743 1051 sq.

711 1098 967 1106 .....
1024 1072 1091 1106 Cur
1117 1071 1224 1116 iyitur
1241 1070 1441 1116 praedicas,

291 1137 332 1171 Te
350 1135 423 1171 herz·
440 1149 489 1171 me
507 1136 646 1178 vidisse,
676 1136 733 1182 qui
757 1137 819 1170 bac
836 1141 936 1171 noctu
953 1137 990 1171 iu
1001 1141 1139 1181 portum
1157 1137 1286 1171 advecti
1304 1134 1444 1171 sumus?

370 1201 448 1236 ‘Vs
480 1202 563 1237 562.

287 1280 346 1303 ΤΗ.
378 1269 448 1306 Quo
476 1271 508 1303 te
533 1266 632 1312 aqis?
659 1279 713 1302 ΤΒ.
741 1267 955 1314 Nequaquam
981 1268 1067 1303 abeo.
1095 1280 1136 1302 ne
1161 1280 1216 1313 eqo
1233 1280 1304 1302 sum
1322 1268 1441 1310 miser,

287 1333 499 1379 Nequoquam
528 1332 619 1366 idem
646 1331 738 1377 quod
763 1345 830 1367 nou
855 1345 1031 1379 quoquam,
1065 1332 1090 1367 i.
1117 1345 1146 1367 e.
1173 1332 1210 1367 in
1235 1333 1366 1367 nullum
1395 1332 1442 1367 lo-

287 1411 370 1433 cum.
423 1397 475 1433 Cf.
506 1396 583 1433 Liv.
611 1396 786 1432 XXXIV:
823 1399 880 1432 16.
914 1397 937 1433 i.
973 1397 998 1433 f.
1033 1397 1237 1445 Priusquam
1263 1398 1341 1432 inde
1366 1410 1442 1444 quo·

287 1476 383 1510 quam
403 1463 601 1508 procedere,
640 1461 768 1497 Lucret
794 1462 831 1497 I:
874 1462 968 1497 1053
1007 1463 1123 1509 Neque
1160 1475 1319 1509 quoquam
1345 1475 1445 1508 posse

916 1527 938 1542 ''
979 1528 1126 1563 Plurimi
1154 1528 1236 1564 libri
1263 1528 1382 1575 scripti
1409 1532 1444 1563 et

287 1529 427 1572 resolvi,
456 1528 479 1564 i.
507 1541 536 1564 e.
568 1528 631 1568 niu
657 1528 806 1575 aliquam
834 1541 913 1563 rem.

286 1595 371 1630 editi
399 1593 527 1629 habent
553 1606 611 1628 uec
627 1606 807 1640 quoquam,
836 1593 927 1639 quod
945 1593 1058 1640 ipsum
1082 1606 1216 1639 quoque
1230 1594 1441 1640 conjunctim

286 1659 389 1694 scribi
416 1658 534 1706 potuit
560 1671 796 1705 uecquoquam,
824 1671 887 1706 pro
907 1671 1120 1705 nequaquam.
1148 1659 1322 1705 Antiquos
1349 1658 1441 1693 enim

286 1737 344 1760 uec
369 1737 432 1772 pro
459 1737 500 1759 ue
526 1721 670 1767 dixisse,
699 1723 798 1759 docet
824 1723 946 1759 Festus
972 1734 1000 1759 S.
1020 1736 1072 1767 V.‚
1100 1723 1191 1759 unde
1208 1723 1246 1759 in
1263 1723 1442 1759 nonnullis

285 1790 486 1837 compositis
508 1789 691 1833 remansit,
713 1792 753 1824 ut
773 1789 809 1824 in
825 1788 1022 1834 necopimw,
1043 1789 1208 1835 ueqotium
1224 1789 1440 1836 (uec-otium).

384 1854 446 1889 Vs.
474 1855 557 1889 566.

459 1920 516 1956 Set
541 1921 699 1967 occupabo
717 1920 813 1955 adire
822 1947 1266 1956 ........

290 1988 456 2032 Occupare
490 1988 541 2020 est
566 1986 631 2020 hoc
656 1985 732 2020 loco
764 1989 974 2020 antevertere
1011 1985 1155 2031 aliquem
1165 1984 1187 1999 ”
1196 1999 1207 2028 ;
1246 1985 1354 2031 igitur
1394 1986 1439 2021 si-

285 2051 442 2099 gnificat:
489 2069 507 2090 n
519 2050 577 2086 ibo
616 2050 660 2086 ad
686 2064 764 2086 eum
791 2049 991 2098 priusquam
1017 2049 1061 2085 ad
1086 2062 1140 2085 me
1166 2052 1232 2086 eat.
1242 2048 1265 2065 ’'
1307 2050 1442 2086 Timuit

285 2121 400 2152 autem
431 2116 558 2151 Tranio
583 2129 645 2159 ne,
679 2116 709 2151 si
736 2115 873 2151 danista
905 2115 1001 2162 prius
1040 2115 1173 2150 veniret
1211 2115 1255 2151 ad
1293 2128 1346 2159 se,
1382 2116 1441 2150 ille

285 2181 351 2216 hoc
375 2181 526 2217 facturus
553 2183 641 2216 esset
671 2180 782 2216 nimio
809 2192 887 2215 cum
917 2179 1082 2223 clamore,
1110 2191 1177 2225 quo
1207 2179 1441 2228 Theuropides

287 2259 425 2282 omnem
455 2259 528 2282 rem
561 2246 772 2282 edoceretur.
825 2244 877 2281 Cf.
905 2258 955 2281 vs.
984 2246 1066 2282 576.
1116 2244 1168 2281 De
1199 2245 1260 2282 illa
1285 2249 1440 2282 constru—

286 2313 402 2349 ctione
429 2312 524 2348 verbi
551 2325 709 2358 occupare
734 2311 787 2347 Cf.
814 2311 940 2348 Pseud.
967 2311 1035 2347 IV:
1062 2311 1098 2347 I:
1126 2313 1171 2349 17
1199 2324 1248 2358 sq.
