1752 2978
833 323 900 376 12i

345 407 544 460 Numquam
570 413 687 461 edepol
710 413 770 449 hoc
795 414 894 450 hodie
917 413 1041 449 inultus
1066 414 1291 450 destinaveris.
1328 412 1406 448 Tibi

345 477 425 512 Iam
448 478 564 513 iubebo
587 478 697 525 iqnem
722 484 753 514 et
776 484 963 521 sarmenta,
989 479 1172 526 carnusex,
1199 478 1418 513 circmndari.

297 540 433 577 mallem
451 543 566 578 tamen
580 545 710 587 mutar,
732 542 791 578 boc
803 542 841 578 in
854 543 934 578 haee
952 542 1042 590 (coll.
1061 555 1111 579 vs.
1127 543 1250 589 1111).
1268 541 1445 589 Significat

296 609 411 642 autem
448 620 499 643 vs.
534 608 629 643 1113
662 608 801 643 haecce:
842 626 862 648 η
876 620 1064 654 numquam
1089 607 1210 655 edepol
1234 607 1337 643 hodie
1361 608 1444 643 haec

296 670 429 708 inultus
461 672 499 708 in
533 685 587 709 me
619 673 754 709 molium
775 674 857 716 eric,
886 670 1108 722 paraverie,”
1142 685 1243 719 quam
1273 672 1443 720 significa-

297 736 429 772 tionem
452 737 596 774 verbum
619 739 788 775 destinare
802 737 928 774 habere
944 750 1062 786 posse,
1088 740 1184 785 patet
1201 751 1219 774 e
1236 738 1329 774 Suet.
1347 738 1443 774 Caes.

297 813 371 849 cap.
397 803 468 837 44:
503 821 522 843 n
537 802 595 839 De
618 802 819 852 ampliando
844 804 989 851 imperio
1007 802 1115 851 plena
1139 804 1176 837 in
1201 803 1272 839 dies
1297 803 1444 838 destina·

297 865 387 902 bat.’'
437 866 541 912 Quod
571 867 614 903 ad
639 880 690 904 vs.
717 869 831 912 1114,
859 867 965 903 etiam
990 866 1046 902 hie
1067 867 1190 903 melius
1208 867 1336 914 legitur
1353 867 1445 915 apud

297 931 469 968 Weisium
493 935 635 980 propter
659 935 819 968 metrum.
861 932 897 968 Si
922 932 1068 979 legimus
1095 935 1135 967 ut
1160 931 1369 967 Ritsehelius
1395 931 1444 966 fa-

298 996 365 1042 cit,
405 997 666 1046 monosyllabon
691 998 762 1034 iam
787 997 946 1046 ecthlipsi
978 997 1080 1046 plane
1106 997 1326 1042 obscuratur;
1354 996 1446 1044 quod

299 1063 365 1098 etsi
390 1063 526 1099 licitum
551 1066 619 1108 est,
646 1063 769 1099 melius
787 1066 902 1099 tamen
920 1063 1080 1099 evitatur.
1106 1063 1285 1099 Postremo
1303 1074 1446 1098 monen-

300 1127 400 1172 dum,
440 1128 718 1177 supplementum
755 1127 937 1164 Ritschelii
967 1127 1056 1164 nihil
1079 1127 1150 1164 fere
1176 1127 1352 1164 continere
1377 1127 1447 1163 nisi

299 1192 518 1229 iterationem
544 1193 640 1229 verbi
665 1194 850 1240 malefacta
875 1205 926 1228 vs·
954 1194 1069 1236 1111,
1097 1192 1241 1238 ideoque
1267 1192 1376 1227 instar
1393 1191 1446 1226 in-

299 1257 560 1305 terpretamenti
585 1270 668 1294 esse.

397 1322 460 1358 Vs.
487 1323 595 1358 1115.

300 1387 363 1422 Tu.
396 1386 449 1423 Ne
468 1386 595 1435 faxis.-
620 1399 698 1422 nam
722 1387 831 1423 elixus
856 1398 924 1423 esse
949 1399 1047 1434 quam
1072 1399 1169 1422 assus
1192 1387 1279 1422 soleo
1304 1387 1449 1423 suavior.

300 1452 421 1487 Elioeus
454 1454 507 1487 est
543 1464 631 1499 aqua
668 1455 785 1488 coctus
796 1479 806 1496 ,
846 1464 942 1488 assus
979 1454 1099 1487 eontra
1137 1454 1189 1487 est
1214 1451 1295 1498 igne
1320 1454 1433 1487 tostus
1440 1466 1450 1496 3

302 1516 425 1552 deinde
450 1516 559 1553 elixus
581 1516 752 1564 eignificat
775 1516 880 1552 etiam
898 1517 1068 1560 madidus,
1090 1529 1186 1552 assus
1203 1519 1318 1552 autem
1335 1516 1451 1552 siccus.

301 1581 415 1626 Quare
448 1581 606 1629 propriae
637 1581 881 1628 significationi
906 1581 1024 1617 subest
1050 1582 1155 1616 etiam
1180 1581 1263 1616 haec
1287 1582 1450 1628 figurata:

304 1664 322 1686 η
331 1646 489 1682 madidus
530 1647 603 1682 sive
649 1646 764 1683 ebrius
808 1659 885 1683 sum
924 1646 1062 1683 suavior
1096 1659 1198 1693 quam
1233 1646 1341 1683 siccus
1380 1646 1453 1682 sive

302 1709 482 1746 sobrius.”

400 1775 461 1811 Vs.
488 1776 596 1811 1116.

302 1840 368 1875 ΤΗ.
409 1840 569 1885 Exempla
606 1840 721 1885 edepol
744 1839 881 1887 faciam
920 1852 976 1886 eqo
1013 1841 1051 1876 in
1087 1844 1128 1876 te.
1156 1841 1219 1876 ΤΒ.
1246 1841 1391 1876 Plaeeo:
1417 1854 1452 1876 eo

402 1905 583 1950 ezemplum
607 1905 743 1949 expetis.

302 1968 371 2004 Pro
401 1970 542 2015 placeo:
567 1981 602 2005 eo
628 1971 693 2005 cet.
722 1968 825 2017 vulgo
851 1968 979 2017 legitur
1004 1969 1084 2016 quia
1101 1969 1238 2015 placeo,
1266 1970 1453 2015 exemplum

303 2034 445 2080 expetis,
465 2037 677 2082 repugnante
694 2038 804 2070 metro
813 2049 824 2078 ς
852 2034 882 2069 si
901 2034 994 2070 enim
1012 2035 1063 2070 ita
1079 2034 1245 2081 legimuS,
1270 2033 1356 2069 duae
1373 2046 1452 2081 pos-

303 2099 446 2134 teriores
472 2099 605 2134 vocales
631 2099 728 2135 verbi
744 2100 864 2145 placeo
889 2112 950 2147 per
975 2099 1146 2147 synizesin
1165 2099 1203 2134 in
1221 2111 1325 2134 unam
1342 2099 1453 2135 coales

303 2166 382 2198 cant
420 2176 556 2199 necesse
585 2167 638 2199 est
668 2167 704 2200 et
729 2164 836 2199 simul.
854 2164 1032 2211 jungenda
1057 2177 1134 2199 cum
1161 2166 1324 2210 sequente
1349 2177 1452 2200 exem-

297 2230 407 2275 plum.
466 2228 620 2265 Verbum
650 2243 686 2266 eo
723 2229 823 2265 facile
848 2229 1024 2265 absorberi
1062 2229 1179 2277 potuit
1209 2229 1456 2265 terminatione

304 2294 537 2341 praecedentis
551 2296 684 2340 placeo.
735 2293 895 2329 Ceterum
917 2294 1053 2340 jocatur
1079 2294 1116 2328 in
1142 2293 1323 2340 ambiguo:
1353 2307 1456 2330 senex

307 2358 409 2404 dicit,
436 2371 472 2395 se
496 2358 584 2395 velle
608 2359 645 2395 in
671 2371 806 2395 servum
832 2358 1025 2407 exemplum
1051 2359 1140 2403 fieri,
1168 2358 1260 2406 quod
1285 2359 1372 2395 alios
1399 2359 1455 2396 de-
