1752 2978
837 316 906 351 123

395 404 454 441 Vs.
484 406 589 442 1137.

354 471 454 506 Nune
478 472 628 519 utrisque
653 472 854 518 disceptator
879 484 984 508 eccum
1010 472 1124 507 adest.-
1149 484 1208 517 αρε
1233 470 1382 516 dieputa.

297 536 510 582 Disceptator
535 541 587 572 est
601 538 722 584 judex,
750 538 808 583 qui
827 538 869 572 de
885 550 938 580 re,
959 537 1000 572 de
1019 549 1085 582 qua
1102 536 1193 571 inter
1211 536 1442 582 disceptantes

295 601 526 636 controversia
551 605 621 645 est,
649 601 855 637 sententiam
881 602 958 637 fert.
986 601 1039 636 Cf.
1066 600 1138 635 Cic.
1164 600 1258 635 Part.
1287 600 1348 634 Or.
1367 610 1439 645 cap.

297 666 335 707 3,
362 664 406 700 ad
430 665 524 701 Fam.
551 666 647 701 XIII
673 666 773 713 epist.
802 668 865 710 26,
893 666 970 701 Liv.
996 666 1014 701 I
1033 679 1105 713 cap.
1127 667 1192 709 50,
1212 663 1348 700 XXXV
1367 676 1440 710 cap.

294 730 354 764 45.
381 729 457 765 Val.
485 730 579 765 MaX.
605 730 661 765 II:
691 732 757 765 10:
783 732 823 773 4,
850 731 1000 775 Quintil.
1028 730 1082 765 XI
1108 743 1181 777 cap.
1209 731 1241 765 1.

392 793 451 830 Vs.
481 796 587 831 1143.

293 858 400 895 CALL,
426 861 505 895 Sine
529 873 578 896 me
602 861 679 895 dum
703 860 791 896 istuc
813 861 972 896 iudicare.
989 873 1105 906 ,sm-qe.-
1122 872 1177 905 eqo
1194 858 1254 894 isti
1270 858 1439 894 adsedero.

293 924 414 969 δαν-,φῦ
440 927 571 969 orator,
605 926 664 972 qui
694 925 738 961 ad
763 925 945 961 dicendum
972 925 1188 973 aggreditur,
1213 924 1302 960 sedet
1321 922 1438 971 judex.

390 989 449 1025 Vs.
479 991 584 1026 1149.

291 1052 357 1088 ΤΗ.
380 1053 470 1092 Quid
481 1066 536 1100 eqo
547 1067 635 1089 nunc·
636 1054 774 1102 faciam
780 1082 790 1099 ,
805 1055 836 1090 si
846 1054 971 1091 ami-eus
983 1054 1144 1100 Demipho
1156 1057 1218 1089 aut
1231 1051 1439 1088 Philonides.

292 1118 377 1154 Post
401 1119 492 1155 hunc
516 1132 652 1155 versum
677 1120 808 1167 aliquid
834 1120 1067 1165 intercidisse,
1095 1118 1181 1155 mihi
1205 1117 1344 1165 quidem
1368 1129 1440 1152 non

291 1187 361 1218 tam
394 1188 524 1219 certum
555 1184 692 1220 videtur
723 1197 825 1231 quam
864 1185 1067 1224 Ritschelio.
1117 1184 1238 1219 Potest
1271 1182 1363 1218 enim
1389 1182 1438 1217 fa-

290 1248 418 1283 cillime
443 1249 654 1296 aposiopesis
680 1249 831 1285 admitti.
860 1250 985 1296 Atqui,
1013 1249 1105 1285 dicat
1130 1249 1225 1295 quis,
1252 1247 1379 1283 Tranio
1396 1246 1440 1282 ad

289 1312 414 1356 verba,
449 1326 534 1359 quae
570 1314 636 1349 hoc
672 1314 747 1349 loco
780 1314 961 1361 leguntur,
994 1326 1066 1349 non
1096 1312 1301 1360 respondere
1325 1314 1442 1359 potest

290 1388 376 1422 quae
414 1377 533 1412 statim
572 1378 658 1413 dicit
696 1391 746 1414 vs.
787 1380 895 1414 1151.
935 1377 1152 1414 Monendum
1190 1380 1323 1421 tamen,
1359 1376 1441 1412 licet

290 1441 523 1490 Theuropides
558 1429 765 1479 sententiam
790 1456 861 1479 non
890 1443 1064 1487 absolvat,
1090 1443 1296 1479 Tranionem
1327 1445 1441 1477 tamen

291 1508 421 1554 optime
446 1508 640 1555 intelligere
666 1509 836 1556 potuisse,
866 1509 950 1556 quid
976 1521 1079 1545 senex
1105 1509 1142 1544 in
1169 1509 1283 1544 animo
1301 1508 1442 1544 haberet

288 1572 413 1609 dicere.

388 1638 448 1674 Vs.
477 1640 584 1675 1162.

313 1703 380 1738 ΤΗ.
406 1704 485 1739 Non
504 1705 619 1749 potuit
645 1705 759 1740 venire
783 1709 899 1740 orator
927 1705 1031 1751 maffia
1056 1705 1104 1740 ad
1126 1717 1176 1740 me
1192 1704 1415 1750 inpetrabilia

290 1768 472 1816 Adjectiva
510 1770 661 1805 verbalia
698 1770 734 1805 in
761 1771 837 1806 bilis
863 1770 1025 1806 exeuntia
1049 1770 1153 1817 vulgo
1180 1768 1307 1805 habent
1331 1769 1438 1815 signi-

290 1833 482 1869 ficationem
520 1834 690 1882 passivam
729 1838 765 1870 et
801 1835 968 1871 denotant
1000 1835 1055 1880 id,
1090 1835 1181 1882 quod
1205 1834 1339 1870 actione
1364 1846 1438 1869 ver-

290 1898 345 1943 bi,
379 1899 470 1935 unde
504 1900 721 1946 derivantur,
757 1901 887 1948 acquiri
915 1901 969 1937 vel
991 1901 1080 1937 effici
1097 1904 1223 1949 potest.
1262 1900 1318 1935 Sic
1343 1913 1375 1936 v.
1408 1913 1437 1936 c.

289 1964 419 2000 utibilis
452 1965 593 2012 (utilis),
621 1978 688 2012 quo
720 1966 796 2013 quis
821 1967 921 2003 facile
946 1967 1000 2002 uti
1024 1970 1157 2014 potest,
1182 1966 1319 2010 habilis,
1347 1965 1439 2011 quod

289 2029 389 2065 facile
426 2031 540 2066 baberi
576 2034 707 2078 potest,
747 2035 812 2068 cet.
852 2032 957 2080 Saepe
982 2036 1098 2068 tamen
1122 2031 1319 2079 hujusmodi
1345 2031 1438 2079 adje-

289 2094 380 2129 ctiva
405 2094 516 2131 active
541 2100 724 2132 sumuntur
732 2112 742 2141 ς
770 2097 819 2132 sic
844 2097 908 2132 hoc
927 2097 1002 2132 loco
1020 2097 1237 2143 impetrabilis
1260 2096 1360 2131 estis
1378 2096 1437 2143 qui

289 2159 388 2194 facile
421 2160 505 2207 quid
536 2161 705 2208 impetrat.
746 2162 797 2198 Cf.
825 2162 931 2198 Mero.
959 2162 1038 2198 III:
1066 2165 1108 2198 4:
1137 2164 1200 2207 20,
1227 2163 1329 2211 Epid.
1357 2164 1436 2201 III:

291 2227 329 2259 2:
357 2227 397 2260 6:
423 2225 509 2261 diem
532 2226 789 2272 impetrabilem,
817 2228 851 2263 h.
870 2241 900 2263 e.
922 2228 1011 2271 dies,
1032 2240 1098 2274 quo
1118 2228 1194 2274 quis
1211 2229 1310 2265 facile
1329 2230 1437 2278 impe-

291 2292 359 2325 trat
382 2290 482 2337 ‘quod
507 2294 615 2339 optat.
651 2292 787 2328 Terent.
814 2292 954 2329 Phorm.
982 2293 1017 2329 I:
1045 2295 1086 2329 4:
1114 2295 1179 2329 48:
1204 2308 1338 2331 eausam
1363 2297 1439 2332 vin-

289 2355 416 2391 cibilem
450 2355 552 2401 dicit,
586 2369 739 2401 causam,
776 2369 861 2404 quae
890 2358 990 2395 facile
1015 2359 1134 2396 vincit.
1163 2360 1219 2396 Sic
1236 2362 1437 2406 placabilis,
