1752 2978
841 253 910 287 110

397 343 457 378 Vs.
486 343 592 377 1004.

491 434 872 443 ...........
899 407 948 443 SI.
977 406 1122 443 Promisi
1132 407 1251 455 foras.

290 473 410 521 suppl.
445 473 518 512 aad
551 484 690 508 coenam
718 484 771 506 me
799 471 1019 508 venturum.”
1045 471 1097 508 Cf.
1123 471 1204 508 Stie.
1232 471 1302 507 IV:
1333 473 1371 507 2:
1405 472 1448 506 16

298 540 355 575 Ad
382 552 513 575 coenam
546 539 656 575 hercle
687 538 756 573 alio
779 539 925 584 promisi
938 540 1063 587 foras,
1091 538 1168 574 III:
1195 540 1237 574 2:
1264 539 1308 575 27
1335 538 1450 573 lubens

297 604 456 650 accipiam
493 608 598 646 certo,
636 604 666 638 si
681 603 897 648 promiseris,
923 616 969 639 sc.
997 609 1029 640 te
1055 605 1223 640 daturum.
1263 602 1369 638 Mero.
1397 601 1448 636 V:

300 672 339 704 2:
370 670 461 712 108,
490 668 585 704 Pers,
613 668 647 703 I:
678 669 721 703 1:
751 670 813 703 49.

396 734 457 768 Vs.
486 735 581 767 1006
610 745 660 778 sq.

469 825 625 834 .....
652 798 701 833 S1.
735 798 852 833 Verum
877 811 970 842 cras,
1000 798 1067 834 nisi
1089 799 1164 846 quie
1181 798 1285 844 prius

473 863 646 899 Vocaverit
675 875 743 907 me,
771 865 827 899 vel
849 865 941 909 apud
966 868 998 899 te
1020 876 1189 899 cenavero.

303 928 364 964 Vel
378 929 471 974 apud
493 932 526 964 te
548 940 725 972 ceuavero,
752 927 883 963 dictum
901 927 991 974 παρά
1010 928 1229 974 προσᾶοκιάνε
1249 927 1375 975 quippe
1393 940 1448 963 ex-

297 997 466 1040 spectares
507 992 687 1029 Simonem
725 993 916 1028 dicturum:
958 1011 976 1032 η
987 993 1080 1037 apud
1107 1006 1156 1028 me
1192 997 1224 1028 te
1253 993 1449 1039 excipiam?

296 1058 417 1092 Facete
444 1071 483 1092 eo
510 1057 722 1104 significatur
750 1057 961 1105 parsimonia
985 1057 1098 1100 senis,
1126 1057 1185 1103 qui
1211 1057 1323 1092 alieno
1348 1069 1448 1103 quam

297 1135 359 1158 suo
379 1126 521 1170 sumptu
548 1122 668 1158 amicis
694 1126 830 1169 gratum
857 1123 967 1158 faeere
993 1122 1136 1158 mavult.

394 1187 455 1223 Vs.
484 1188 743 1224 1017—1021.

415 1280 572 1288 .....
600 1252 649 1288 SI.
675 1252 807 1288 Mecum
827 1256 867 1287 ut
892 1252 954 1287 ille
975 1252 1028 1287 liic
1051 1252 1211 1296 qesserit,

412 1318 504 1351 Dum
531 1321 569 1351 tu
591 1317 668 1351 hinc
691 1318 783 1359 abes,
810 1316 920 1362 neyoti
947 1316 1167 1363 Quidquam?
1191 1316 1259 1351 ΤΗ.
1289 1344 1296 1351 .
1326 1344 1333 1351 .
1365 1344 1371 1351 .

415 1409 720 1417 .........
748 1381 813 1428 SI.]
847 1381 1014 1424 Quidnam
1025 1382 1044 1416 ‚7
1070 1385 1132 1416 aut
1158 1394 1220 1427 quo
1247 1381 1329 1416 die?

413 1446 467 1481 ΤΗ
471 1473 1444 1481 ...........................

410 1512 528 1548 lisinas
554 1512 613 1548 tibi
634 1512 801 1558 octoqinta
826 1513 960 1559 argenti
987 1513 1091 1548 debeo.

297 1579 364 1614 His
395 1577 550 1614 versibus
582 1578 746 1624 quaedam
777 1577 943 1613 excidisse
978 1582 1068 1613 recte
1102 1577 1193 1613 vidit
1227 1577 1447 1613 Ritsehelius.

296 1644 470 1687 Primum,
485 1643 576 1679 unde
590 1643 737 1690 pendeat
750 1644 925 1690 genitivus
943 1644 1069 1689 neqoti,
1089 1656 1158 1679 non
1177 1643 1304 1690 liquet,
1324 1643 1447 1679 deinde

295 1709 398 1744 verba
423 1708 593 1743 Simonis:
624 1727 642 1747 η
658 1708 855 1753 Quidnam?
877 1714 938 1744 aut
963 1722 1026 1756 quo
1047 1708 1153 1744 die?'’
1173 1721 1245 1744 non
1261 1708 1332 1756 legi
1348 1721 1448 1756 posse

295 1774 507 1821 conjunctim
534 1786 611 1809 cum
638 1774 790 1821 ejusdem
817 1774 931 1810 verbis
953 1788 1003 1810 vs.
1032 1776 1147 1818 1018,
1183 1774 1265 1810 hine
1287 1778 1446 1822 apparet,

295 1839 405 1885 quod,
422 1839 453 1874 si
472 1839 692 1887 suppleamus
712 1838 774 1874 illo
797 1851 898 1874 versu
910 1839 1114 1874 vocabulum
1128 1839 1326 1886 quidquam,
1345 1851 1365 1874 a
1379 1852 1446 1886 quo

294 1904 468 1952 genitivus
505 1905 615 1951 negoti
653 1903 820 1953 pendeat,
858 1908 948 1940 certe
984 1904 1187 1940 continuato
1223 1904 1342 1941 ordine
1377 1905 1446 1953 legi

293 1983 364 2006 non
403 1974 566 2018 possunt,
606 1982 711 2017 quum
750 1975 898 2005 metrum
935 1970 972 2005 id
1004 1973 1116 2013 vetet,
1151 1970 1210 2005 sed
1236 1982 1371 2006 neeesse
1394 1975 1446 2007 est

293 2035 396 2071 scribi
414 2048 514 2071 versu
532 2038 706 2083 separato,
722 2035 814 2081 quod
832 2034 862 2070 si
880 2035 1104 2082 accipiamus,
1123 2038 1219 2083 patet
1235 2035 1313 2083 plus
1332 2036 1443 2072 tribus

291 2100 435 2146 integris
450 2100 596 2147 pedibus
610 2100 669 2146 huj
676 2112 714 2134 us
728 2112 845 2134 versus
854 2099 1081 2135 intercidisse.
1099 2100 1197 2144 Quae
1210 2100 1324 2136 omnia
1339 2113 1444 2147 quum

290 2164 339 2199 ita
370 2165 460 2208 sint,
493 2164 579 2200 mihi
605 2163 746 2211 quidem
770 2163 861 2200 haud
884 2164 1027 2200 dubium
1056 2164 1211 2209 videtur,
1241 2164 1324 2212 quin
1342 2164 1444 2202 verba

291 2229 455 2275 quaedam
499 2229 729 2277 Theuropidis
766 2229 980 2274 interierint,
1025 2243 1109 2276 quae
1147 2231 1356 2266 Ritschelius
1394 2231 1443 2265 sic

291 2293 481 2340 supplenda
508 2294 673 2342 conjecit:
