1752 2978
875 257 919 290 16

315 346 445 382 Graeco
471 341 723 391 κνισσοιῐιώκι-ης
755 345 792 381 in
824 345 971 382 Batrach
1006 346 1088 381 234.
1141 344 1243 391 Quod
1276 345 1403 382 attinet
1428 345 1472 383 ad

314 410 616 458 compositionem,
643 410 732 444 nihil
767 413 819 445 est
852 410 944 456 quod
977 410 1109 453 obstet,
1138 409 1191 445 Cf.
1219 410 1334 445 Pseud
1361 411 1398 445 I:
1428 413 1468 446 3:

316 476 407 519 145,
435 474 507 510 IV:
536 477 577 510 2:
607 476 653 510 19
681 478 715 510 et
732 473 837 511 Persa
868 474 906 510 I:
936 477 974 511 2:
1011 477 1055 510 16
1076 474 1244 521 legirupa,
1271 474 1361 511 Rud.
1388 474 1467 511 III:

314 542 353 574 4:
381 542 404 575 4
433 540 615 586 leqirupio‚
647 539 762 575 Pseud
796 539 834 574 I:
875 541 916 575 3:
947 542 1017 576 142
1044 540 1228 586 buetirape,
1254 539 1293 575 I:
1318 541 1360 575 3:
1398 541 1468 575 143

312 605 541 652 sociqfraude,
569 604 657 640 Asin
684 604 722 640 I:
752 606 794 639 l:
825 606 869 640 21
886 606 1128 653 fustitudinas
1153 608 1188 640 et
1193 605 1467 652 ferricrepinas,

312 670 410 705 Most
445 670 502 705 II:
540 671 585 705 1:
626 672 647 705 9
679 670 916 715 plaqipatidae
941 674 977 706 et
996 670 1243 717 ferritribaces
1267 670 1356 714 viri,
1383 670 1466 706 HI:

313 737 354 769 2:
385 737 430 770 55
442 734 678 782 ferriterium.
715 734 876 770 Ceterum
902 735 991 770 illud
1006 748 1083 770 nam
1103 735 1302 782 pronomini
1320 735 1467 770 interro-

309 799 427 846 gativo
451 798 626 843 additum,
640 803 681 834 ut
693 798 862 834 Graecum
888 796 952 843 γάρ
981 801 1045 847 (ex.
1072 812 1123 847 gr.
1146 798 1180 833 τί
1199 796 1293 847 γᾱρς)
1322 798 1468 835 inservit

310 865 504 910 quaestioni
531 878 609 899 cum
635 864 865 900 admiratione
897 865 953 900 vel
978 865 1218 911 indignatione
1248 865 1393 911 quadam
1419 866 1467 900 ef-

308 928 487 973 fere-udae,
527 928 581 964 Cf.
621 928 749 976 Amph.
788 928 883 964 Prol.
910 929 955 963 41
991 942 1068 964 nam
1093 929 1177 976 quid
1199 942 1255 975 eqo
1280 942 1465 972 memorem,

308 994 403 1029 Ibid.
443 994 506 1028 II:
536 995 577 1029 1:
625 996 645 1028 2
674 1007 751 1028 uam
787 995 1009 1039 quamobrem,
1037 994 1138 1029 Asin.
1163 994 1206 1029 I:
1240 996 1280 1029 l:
1319 997 1364 1029 29
1390 1008 1467 1029 nam

307 1070 496 1105 quousque,
530 1057 651 1094 Aulul.
679 1057 719 1093 I:
750 1058 791 1093 1:
820 1059 840 1092 3
869 1071 945 1093 nam
971 1071 1041 1093 eur.
1069 1058 1108 1093 I:
1137 1059 1177 1094 1:
1207 1059 1228 1093 5
1269 1072 1345 1094 uam
1382 1072 1465 1106 qua,

307 1122 408 1160 Cure.
434 1122 473 1158 I:
508 1124 548 1158 1:
578 1124 641 1166 12,
670 1122 753 1157 III:
789 1123 856 1166 25,
884 1121 991 1158 Most.
1030 1122 1068 1158 I:
1097 1124 1138 1158 3:
1176 1124 1222 1158 34
1259 1137 1337 1159 nam
1361 1125 1464 1171 quod,

307 1188 349 1224 I:
388 1190 429 1224 3:
470 1189 553 1224 101.
610 1188 700 1227 Quid
729 1200 863 1223 cerussa
894 1200 976 1233 opus
1014 1201 1091 1223 uam
1132 1188 1204 1234 (ubi
1244 1189 1466 1237 postponitur

306 1253 519 1301 pronomini)
548 1253 606 1288 II:
637 1255 675 1288 1:
705 1255 749 1288 21
777 1257 813 1288 et
838 1253 924 1288 alibi
953 1253 1095 1300 passim.

380 1318 441 1354 Vs.
472 1319 505 1354 8.

444 1383 509 1419 Abi
535 1395 615 1418 rus:
642 1383 695 1418 aba·
720 1383 799 1418 bine
823 1383 976 1418 diereete.
1003 1383 1135 1418 abscede
1160 1384 1199 1418 ab
1225 1384 1352 1418 ianua:

305 1447 448 1483 dierecte
481 1460 522 1482 ex
548 1448 584 1482 di
619 1450 655 1482 et
680 1451 809 1483 erectus
837 1447 1031 1494 (expansus)
1059 1450 1244 1495 usurpatur
1283 1447 1325 1483 de
1357 1449 1463 1483 servis

304 1512 419 1559 dignis
446 1512 505 1558 qui
540 1512 632 1547 cruci
670 1512 868 1558 affigantur,
909 1512 964 1547 vel
1002 1512 1081 1546 aliis
1120 1512 1316 1548 crudelibus
1342 1513 1464 1560 poenis

302 1576 493 1611 afficiantur
520 1580 555 1611 et
582 1576 618 1611 in
645 1576 844 1611 universum
870 1576 912 1611 de
939 1576 1138 1611 hominibus
1164 1576 1294 1611 nullius
1320 1577 1437 1624 pretii.

400 1641 462 1677 Vs.
491 1643 524 1676 9.
550 1641 604 1676 En

301 1706 439 1741 Scilicet
464 1706 616 1753 plagam,
645 1706 697 1740 Cf.
726 1718 776 1741 vs.
806 1707 863 1741 10.
913 1706 1027 1753 Vulgo
1053 1706 1156 1749 Hem,
1176 1706 1279 1752 idque
1305 1719 1382 1741 cum
1410 1719 1461 1741 se-

301 1774 427 1817 quente
452 1783 552 1806 versu
579 1770 821 1818 conjungitur,
852 1770 911 1806 sed
938 1766 1062 1806 melius
1089 1770 1264 1806 constabit
1298 1776 1349 1807 v's.
1392 1773 1459 1816 10,

301 1837 330 1870 si
357 1849 435 1871 cum
462 1835 651 1870 Ritschelio
678 1835 825 1882 legimus
852 1836 1037 1883 separatim
1062 1837 1135 1879 En,
1173 1836 1265 1882 quod
1290 1836 1461 1883 signifieat

301 1901 584 1937 exclamationem
612 1913 678 1947 qua
704 1901 788 1947 quid
814 1900 1015 1948 designatur
1042 1901 1134 1947 quod
1159 1904 1238 1936 ante
1264 1901 1381 1937 oculos
1408 1907 1459 1938 est-

301 1967 356 2002 vel
381 1967 431 2001 fit.
484 1966 644 2000 Ceterum
670 1970 710 2000 ut
735 1966 791 2000 hic
817 1967 890 2009 En,
917 1966 967 2000 sie
992 1978 1043 2001 vs.
1072 1967 1142 2001 178
1170 1967 1228 2000 eho
1255 1970 1352 2001 extra
1383 1979 1458 2001 ver-

300 2044 376 2067 sum
400 2030 556 2078 positum
587 2034 655 2065 est:
684 2033 718 2065 et
744 2030 794 2065 ita
820 2043 919 2077 saepe
945 2030 1036 2078 apud
1061 2034 1180 2078 poetas
1207 2030 1355 2066 Graecos
1387 2036 1459 2066 tam

299 2096 448 2143 tragicos
475 2108 578 2142 quam
596 2094 744 2130 comicos
763 2094 1020 2142 interjectiones
1044 2095 1123 2140 φεῦ,
1145 2094 1228 2136 αῖαῖ,
1258 2093 1277 2128 ἔ
1298 2093 1329 2138 ἒ,
1354 2096 1458 2140 aliae,

299 2161 483 2209 separatim
518 2160 602 2209 poni
630 2160 756 2196 solent.

396 2227 458 2263 Vs.
491 2228 550 2263 13.

427 2293 497 2327 Nec
531 2292 601 2326 veri
633 2292 743 2326 simile
779 2292 910 2337 loquere
941 2304 998 2326 nec
1032 2304 1163 2335 rverum,
1200 2305 1319 2337 rupem,
