1752 2978
839 357 882 393 97

304 447 479 493 demenso,
505 448 596 496 quod
621 447 766 496 singulis
790 448 965 484 mensibus
991 462 1011 485 a
1036 448 1187 485 dominis
1213 447 1366 497 accipere
1392 460 1450 483 so-

303 513 419 551 lebant
425 529 436 560 ;
462 514 559 564 cujus
584 514 633 560 si,
659 517 778 551 ventre
800 513 975 559 fraudato,
1003 513 1135 562 aliquid
1161 514 1205 550 iis
1232 517 1448 563 superesset,

302 579 481 627 paullatim
524 580 657 627 argenti
686 591 853 615 summam
886 577 1112 625 colligebant,
1152 591 1217 625 qua
1252 578 1448 615 libertatem

302 656 412 681 emere
433 648 584 693 possent.

399 709 460 745 Vs.
486 711 570 745 865.

384 775 518 821 Auqent
542 787 583 811 ex
597 773 774 820 pauxillo.-
801 772 1034 821 [thensaurum
1059 773 1155 821 in]de
1173 773 1329 820 pariunt.

300 840 433 885 Auqent
461 851 501 875 ex
520 838 698 885 pauxillo,
724 837 749 874 i.
775 850 805 874 e.
839 837 930 874 sicut
954 850 973 873 e
995 837 1113 886 paucis
1130 838 1319 874 nummulis
1344 839 1443 887 paul-

300 903 398 940 latim
431 906 646 940 coacervatur
671 902 861 940 thesaurus,
891 902 1016 939 Sensus
1039 905 1111 939 est:
1142 921 1161 944 n
1171 915 1287 939 servos
1323 903 1445 952 fugiti-

302 981 379 1013 νοε,
410 981 516 1016 quum
541 967 633 1016 capti
657 971 755 1013 sunt,
790 968 903 1016 primo
928 980 1032 1015 parva
1055 976 1169 1015 poena'
1191 967 1299 1012 affici,
1323 968 1354 1003 si
1381 968 1445 1004 ite-

301 1045 393 1078 rum,
426 1033 574 1082 majore,
609 1036 644 1069 et
672 1032 723 1069 sic
746 1032 977 1082 pedetentim,
1002 1035 1172 1070 crescente
1195 1032 1315 1077 modo,
1341 1032 1447 1069 donec

301 1098 440 1136 tandem
465 1098 604 1147 capitali
629 1111 739 1147 poena
763 1096 999 1147 affligantur.”

400 1164 461 1202 Vs.
490 1165 559 1201 866
587 1176 637 1211 sq.

374 1230 465 1265 Mihi
488 1230 525 1266 in
544 1233 678 1275 pectore
706 1229 776 1277 [id]
801 1229 994 1276 combibet,
1014 1231 1231 1277 praecavere]

372 1294 503 1330 Malam
529 1307 597 1330 rem
613 1293 716 1339 prius
740 1306 838 1340 quam
863 1298 903 1329 ut
928 1306 1033 1329 meum
1061 1294 1205 1341 [terqum
1232 1294 1370 1341 doleat]

300 1359 368 1394 Pro
393 1359 448 1394 his
473 1358 626 1394 Weisius
652 1362 687 1393 et
712 1357 762 1393 Le
787 1358 899 1393 Maire
924 1357 1071 1393 habent:

449 1422 541 1458 Mihi
565 1422 603 1457 irc
620 1425 758 1467 pectore
783 1421 915 1457 consilii
943 1421 1045 1468 [quod
1068 1425 1135 1465 est,

448 1487 554 1522 Lubet
579 1487 708 1533 cavere]
737 1486 861 1521 malam
886 1499 953 1522 rem
970 1486 1092 1532 prius,

451 1550 558 1596 Quam
582 1555 621 1586 ut
647 1563 750 1586 meum
778 1551 920 1597 [terqum
945 1550 1187 1586 eaesineeratum
1203 1552 1302 1599 fiat]

300 1615 511 1652 claudicante
549 1620 658 1652 metro
696 1619 732 1652 et
764 1629 826 1663 pro
857 1619 953 1664 parte
980 1615 1084 1652 etiam
1111 1629 1230 1652 sensu:
1269 1630 1348 1653 nam
1376 1618 1447 1653 sive

300 1681 349 1716 ita
387 1685 579 1717 construas:
623 1699 641 1720 η
652 1682 740 1728 quod
776 1681 909 1716 consilii
946 1681 1027 1716 mihi
1052 1681 1089 1716 in
1107 1685 1244 1726 pectore
1269 1686 1334 1725 est,
1362 1686 1445 1725 cet.,

300 1745 372 1782 sive
408 1746 475 1782 sie:
504 1746 628 1791 mmihi,
654 1746 742 1793 quod
765 1745 898 1782 consilii
922 1746 959 1781 in
977 1749 1114 1792 pectore
1139 1751 1207 1791 est,
1237 1746 1353 1783 Zubet'’
1381 1752 1445 1784 cet.

300 1823 404 1857 aeque
429 1811 513 1846 dura
537 1823 576 1846 ae
599 1810 762 1857 languida
787 1814 840 1846 est
865 1811 983 1846 dictio.
1036 1811 1149 1855 Quare
1167 1812 1347 1846 Ritschelii
1366 1824 1445 1859 sup-

300 1874 513 1922 plementum
540 1874 755 1923 probandum
782 1887 913 1911 censeo.

347 1940 408 1976 Vs.
436 1941 506 1975 868
534 1952 583 1987 sq.

472 2033 481 2041 .
510 2033 518 2041 .
546 2033 554 2041 .
583 2032 591 2041 .
622 2005 687 2053 [ita
712 2005 808 2056 mihr]
837 2006 960 2042 corium
986 2018 1054 2043 esee
1078 2010 1224 2052 oportet.-

422 2071 593 2106 Sim-erum
617 2074 717 2118 atque
743 2075 781 2107 ut
809 2071 862 2118 [id
884 2072 980 2118 mihi]
1008 2075 1112 2107 votem
1138 2072 1316 2106 verberari.

298 2134 474 2172 sincerum
501 2135 628 2172 dicitur
656 2136 845 2184 integrum,
877 2136 968 2184 quod
994 2140 1046 2173 est
1069 2136 1164 2172 nullo
1192 2136 1310 2173 morbo
1337 2150 1445 2185 neque

298 2201 429 2236 macula
455 2201 629 2238 vitiatum.
656 2202 759 2238 Ovid.
786 2202 872 2238 Met.
906 2202 997 2238 XII:
1028 2204 1072 2237 99
1100 2214 1150 2248 sq.

448 2294 676 2304 .......
683 2271 687 2276 “
705 2295 714 2304 .
740 2267 819 2303 Sine
843 2267 981 2304 vulnere
1006 2281 1140 2313 corpus,

445 2332 678 2379 Sinccrumque
691 2333 775 2380 suit
802 2360 1035 2369 .......

299 2396 352 2434 Id.
380 2396 465 2434 Met.
493 2396 530 2433 I:
560 2398 628 2433 190
657 2409 707 2444 sq.
