1752 2978
852 296 921 332 119
955 349 959 351 -

316 385 465 429 imbibat,
484 385 508 421 i.
524 399 551 422 e.
580 387 736 423 intereat.
761 388 879 423 Bibere
896 400 957 435 pro
975 388 1026 423 ire
1043 387 1219 423 invenitur
1242 387 1342 422 Cure.
1362 385 1400 421 I:
1420 388 1462 421 2:

315 451 380 494 54,
408 450 513 487 Merc.
540 451 598 488 II:
628 454 667 488 3:
687 454 776 497 127,
796 453 920 489 Pseud.
939 452 975 488 I:
997 454 1035 488 3:
1057 454 1114 488 31.

410 515 471 552 Vs.
499 518 605 553 1098.

317 581 404 625 Quia
429 582 514 617 enim
540 583 577 617 id
600 595 749 617 maxume
773 584 865 625 volo,
888 586 928 617 ut
945 582 1019 617 illic
1036 582 1120 617 istoc
1138 582 1350 628 eonsuqiant.
1374 581 1457 616 sine.

312 646 411 690 Illic,
440 646 463 682 i.
482 659 511 682 e.
538 646 646 690 illice,
675 647 798 682 melius
824 658 924 692 quam
950 646 1025 690 illi,
1054 646 1156 681 metri
1182 658 1291 682 causa.

410 710 470 746 Vs.
500 712 606 747 1099.

351 777 457 811 Tanto
481 778 573 822 apud
595 777 734 812 iudicem
758 778 846 812 hunc
871 777 1005 822 amenti
1029 777 1243 813 condemnabo
1258 777 1422 825 facilius.

310 842 453 887 Aryenti
482 843 717 887 condemnabo,
751 843 775 878 i.
801 856 831 879 e.
869 861 888 883 ῃ
900 843 1045 879 efficiam
1078 846 1118 879 ut
1143 842 1388 879 condemnetur
1413 843 1457 878 ad

309 907 560 942 restituendum
600 907 803 954 argentum⁵³
839 928 887 935 —-
921 908 1051 943 Similis
1086 908 1297 943 constructio
1330 911 1383 942 est
1418 908 1455 943 in

308 972 456 1007 formula
480 973 638 1008 damnare
662 973 750 1017 voti,
778 972 801 1009 i.
820 985 849 1009 e.
881 991 898 1013 η
911 972 1097 1008 obnoxium
1116 971 1256 1008 reddere
1275 972 1318 1008 ad
1335 975 1455 1008 votum

308 1036 545 1073 solvendum.”

405 1102 466 1138 Vs.
495 1103 601 1138 1100.

307 1168 370 1203 Ta.
399 1169 494 1206 Quod
518 1168 606 1213 nqis,
633 1168 671 1203 id
686 1179 778 1213 ayas.
802 1168 885 1214 quid
900 1171 938 1203 tu
946 1179 1052 1213 porro
1069 1179 1178 1203 serere
1194 1168 1245 1202 vis
1263 1165 1455 1213 neqotium?

311 1232 409 1276 Quod
441 1232 531 1278 aqis,
566 1232 605 1268 id
635 1245 731 1278 aqas,
767 1232 791 1268 i.
811 1245 840 1268 e.
867 1232 1025 1268 intendas
1056 1232 1210 1267 animum
1236 1232 1274 1267 in
1301 1232 1338 1267 id
1363 1233 1455 1279 quod

306 1298 450 1334 moliris.
472 1292 573 1333 ‘Nota
598 1301 650 1333 est
675 1297 823 1333 formula
847 1297 885 1333 in
903 1298 1027 1333 saeris:
1045 1299 1104 1333 hoc
1121 1310 1196 1343 aye,
1216 1298 1285 1333 i.'e.
1304 1302 1456 1333 attentus

306 1367 385 1398 esto.
420 1363 472 1398 De
498 1375 565 1409 quo
592 1363 695 1410 hujus
721 1362 817 1398 verbi
844 1371 909 1397 usu
934 1361 1005 1397 vid.
1044 1361 1227 1397 Ruhnken.
1252 1362 1295 1397 ad
1318 1362 1454 1398 Terent.

306 1428 415 1463 Andr.
443 1427 480 1462 I:
509 1430 549 1462 2:
578 1429 637 1463 15.

366 1492 415 1528 SI.
442 1493 586 1528 Hoecine
611 1492 683 1538 ayis
707 1504 753 1527 an
778 1489 869 1527 non?
907 1491 974 1527 DA.
1001 1492 1069 1538 qu
1095 1505 1171 1528 vero
1197 1492 1300 1536 istuc,
1328 1495 1392 1527 cet.

403 1558 464 1593 Vs.
492 1559 600 1594 1101.
1074 1595 1077 1598 .

420 1623 537 1657 Nescis
562 1635 658 1669 quam
685 1622 877 1658 meticulosa
904 1634 956 1657 res
980 1622 1027 1656 sit
1051 1620 1102 1658 ire
1128 1622 1175 1656 ad
1199 1621 1348 1657 iudicem.

304 1687 518 1723 Vocabulum
544 1687 736 1722 meticulosa
761 1687 827 1722 hoc
849 1687 925 1722 loco
953 1687 1087 1734 passive
1106 1687 1309 1722 sumendum
1327 1691 1396 1730 est,
1417 1691 1455 1722 ut

304 1753 488 1788 metuenda.
538 1752 626 1788 Sunt
657 1751 844 1800 adjectiva,
881 1765 966 1799 quae
992 1751 1163 1800 duplicem
1189 1752 1308 1798 aqendi
1333 1755 1368 1787 et
1387 1765 1451 1798 pa-

305 1819 411 1854 tiendi
433 1819 611 1855 notionem
638 1818 826 1866 recipiunt,
855 1832 887 1855 v.
915 1832 944 1855 c.
967 1832 1097 1865 qnarus
1123 1822 1158 1854 et
1183 1819 1338 1864 iqnarus,
1367 1831 1451 1865 quae

304 1882 477 1920 interdum
507 1884 623 1920 valent
649 1884 740 1919 idem
774 1884 865 1931 quod
890 1889 989 1920 notus
1015 1887 1050 1920 et
1077 1884 1219 1930 iqnotus.
1255 1884 1357 1920 Ovid.
1376 1884 1450 1919 Me-

303 1954 385 1987 tam.
412 1951 503 1986 VII:
531 1952 615 1986 404.

424 2016 563 2063 Jamque
587 2017 707 2052 aderat
737 2017 893 2059 Theseus,
913 2016 1030 2061 proles
1054 2015 1176 2060 {qnam
1196 2014 1348 2059 parenti.

302 2080 381 2116 Sall.
421 2081 502 2127 Jug.
542 2080 623 2128 Cap.
658 2082 723 2116 56:
743 2082 922 2126 plerosque
947 2080 1105 2115 velocitas
1131 2083 1164 2114 et
1190 2079 1277 2124 reqio
1303 2079 1450 2114 hostibus

301 2147 422 2191 ‘dynam
455 2150 570 2181 tutata
595 2150 691 2189 sunt,
731 2146 839 2181 Tacit.
867 2146 959 2180 Ann.
987 2144 1007 2179 I
1032 2156 1093 2191 cap
1113 2145 1177 2178 63:
1203 2144 1449 2179 Tendebantur-

301 2224 363 2258 que
385 2210 423 2246 in
442 2211 601 2257 paludem
622 2224 765 2257 quaram
790 2210 1012 2253 vincentibus,
1033 2209 1182 2256 iniquam
1200 2209 1332 2246 nesciis.
1359 2209 1449 2246 Gon-

301 2282 353 2312 tra
379 2280 477 2312 notus
501 2289 563 2324 pro
585 2289 726 2322 ynarus.
778 2276 902 2311 Pseud.
930 2275 1003 2311 IV:
1031 2277 1070 2309 2:
1099 2276 1176 2311 39..

301 2343 360 2377 Ita
385 2342 483 2378 herus
508 2354 595 2378 meus
620 2345 669 2377 est
694 2340 896 2387 imperiosus.
923 2340 987 2377 BA.
1015 2341 1122 2386 Novi,
1153 2342 1241 2378 notis
1258 2343 1448 2389 praedicas.
