<?xml version="1.0" encoding="UTF-8"?>
<!DOCTYPE html PUBLIC "-//W3C//DTD XHTML 1.0 Transitional//EN"
    "http://www.w3.org/TR/xhtml1/DTD/xhtml1-transitional.dtd">
<html xmlns="http://www.w3.org/1999/xhtml" xml:lang="en" lang="en">
 <head>
  <title>
</title>
<meta http-equiv="Content-Type" content="text/html;charset=utf-8" />
  <meta name='ocr-system' content='tesseract 3.04.00' />
  <meta name='ocr-capabilities' content='ocr_page ocr_carea ocr_par ocr_line ocrx_word'/>
</head>
<body>
  <div class='ocr_page' id='page_1' title='image "4737243_0032.png"; bbox 0 0 1752 2978; ppageno 0'>
   <div class='ocr_carea' id='block_1_1' title="bbox 863 312 905 344">
    <p class='ocr_par' dir='ltr' id='par_1_1' title="bbox 863 312 905 344">
     <span class='ocr_line' id='line_1_1' title="bbox 863 312 905 344; baseline 0 0"><span class='ocrx_word' id='word_1_1' title='bbox 863 312 905 344; x_wconf 91' lang='grc'>20</span> 
     </span>
    </p>
   </div>
   <div class='ocr_carea' id='block_1_2' title="bbox 298 401 1463 2323">
    <p class='ocr_par' dir='ltr' id='par_1_2' title="bbox 302 401 1463 697">
     <span class='ocr_line' id='line_1_2' title="bbox 304 401 1463 447; baseline 0.003 -11"><span class='ocrx_word' id='word_1_2' title='bbox 304 401 513 436; x_wconf 79' lang='lat' dir='ltr'>Ritschelius</span> <span class='ocrx_word' id='word_1_3' title='bbox 540 401 713 445; x_wconf 79' lang='lat' dir='ltr'>restituit,</span> <span class='ocrx_word' id='word_1_4' title='bbox 741 414 846 447; x_wconf 85' lang='lat' dir='ltr'>quum</span> <span class='ocrx_word' id='word_1_5' title='bbox 873 401 910 436; x_wconf 89' lang='lat' dir='ltr'>in</span> <span class='ocrx_word' id='word_1_6' title='bbox 938 401 1113 436; x_wconf 83' lang='lat' dir='ltr'>codicibus</span> <span class='ocrx_word' id='word_1_7' title='bbox 1140 401 1202 436; x_wconf 83' lang='lat' dir='ltr'>sit:</span> <span class='ocrx_word' id='word_1_8' title='bbox 1241 420 1259 441; x_wconf 77' lang='grc' dir='ltr'><em>η</em></span> <span class='ocrx_word' id='word_1_9' title='bbox 1272 404 1417 439; x_wconf 69' lang='lat' dir='ltr'>rusticus</span> <span class='ocrx_word' id='word_1_10' title='bbox 1429 412 1463 447; x_wconf 73' lang='lat'>1¹,</span> 
     </span>
     <span class='ocr_line' id='line_1_3' title="bbox 304 466 1461 515; baseline 0.003 -14"><span class='ocrx_word' id='word_1_11' title='bbox 304 466 396 512; x_wconf 85' lang='lat' dir='ltr'>quod</span> <span class='ocrx_word' id='word_1_12' title='bbox 422 479 498 502; x_wconf 88' lang='lat' dir='ltr'>eum</span> <span class='ocrx_word' id='word_1_13' title='bbox 517 466 578 502; x_wconf 87' lang='lat' dir='ltr'>illo</span> <span class='ocrx_word' id='word_1_14' title='bbox 598 470 833 514; x_wconf 83' lang='lat' dir='ltr'>comparatum</span> <span class='ocrx_word' id='word_1_15' title='bbox 852 466 950 501; x_wconf 78' lang='lat' dir='ltr'>valdo</span> <span class='ocrx_word' id='word_1_16' title='bbox 968 467 1083 513; x_wconf 82' lang='lat' dir='ltr'>friget.</span> <span class='ocrx_word' id='word_1_17' title='bbox 1117 467 1192 501; x_wconf 71' lang='lat' dir='ltr'>Rus</span> <span class='ocrx_word' id='word_1_18' title='bbox 1210 479 1350 511; x_wconf 81' lang='lat' dir='ltr'>merum,</span> <span class='ocrx_word' id='word_1_19' title='bbox 1377 470 1461 515; x_wconf 84' lang='lat' dir='ltr'>figu-</span> 
     </span>
     <span class='ocr_line' id='line_1_4' title="bbox 303 530 1463 578; baseline 0.003 -13"><span class='ocrx_word' id='word_1_20' title='bbox 303 534 375 565; x_wconf 85' lang='lat' dir='ltr'>rate</span> <span class='ocrx_word' id='word_1_21' title='bbox 395 530 546 575; x_wconf 83' lang='lat' dir='ltr'>dictum,</span> <span class='ocrx_word' id='word_1_22' title='bbox 579 531 733 566; x_wconf 79' lang='lat' dir='ltr'>concinit</span> <span class='ocrx_word' id='word_1_23' title='bbox 763 544 840 567; x_wconf 88' lang='lat' dir='ltr'>cum</span> <span class='ocrx_word' id='word_1_24' title='bbox 867 531 1035 578; x_wconf 85' lang='lat' dir='ltr'>proximis</span> <span class='ocrx_word' id='word_1_25' title='bbox 1065 532 1231 567; x_wconf 80' lang='lat' dir='ltr'>Germana</span> <span class='ocrx_word' id='word_1_26' title='bbox 1255 532 1402 568; x_wconf 72' lang='lat' dir='ltr'>inluvies</span> <span class='ocrx_word' id='word_1_27' title='bbox 1428 537 1463 568; x_wconf 86' lang='lat' dir='ltr'>et</span> 
     </span>
     <span class='ocr_line' id='line_1_5' title="bbox 302 596 1459 644; baseline 0.001 -12"><span class='ocrx_word' id='word_1_28' title='bbox 302 597 387 631; x_wconf 71' lang='lat' dir='ltr'>hara</span> <span class='ocrx_word' id='word_1_29' title='bbox 405 596 486 632; x_wconf 72' lang='lat' dir='ltr'>suis.</span> <span class='ocrx_word' id='word_1_30' title='bbox 506 596 558 632; x_wconf 85' lang='lat' dir='ltr'>Cf.</span> <span class='ocrx_word' id='word_1_31' title='bbox 574 596 674 632; x_wconf 87' lang='lat' dir='ltr'>Truc.</span> <span class='ocrx_word' id='word_1_32' title='bbox 696 596 755 632; x_wconf 88' lang='lat' dir='ltr'>II:</span> <span class='ocrx_word' id='word_1_33' title='bbox 785 599 820 631; x_wconf 82' lang='lat'>2:</span> <span class='ocrx_word' id='word_1_34' title='bbox 843 598 900 632; x_wconf 86' lang='lat'>14.</span> <span class='ocrx_word' id='word_1_35' title='bbox 928 597 1002 631; x_wconf 72' lang='lat' dir='ltr'>Rus</span> <span class='ocrx_word' id='word_1_36' title='bbox 1027 610 1149 632; x_wconf 77' lang='lat' dir='ltr'>merum</span> <span class='ocrx_word' id='word_1_37' title='bbox 1174 598 1233 632; x_wconf 68' lang='lat' dir='ltr'>hoc</span> <span class='ocrx_word' id='word_1_38' title='bbox 1256 598 1384 644; x_wconf 80' lang='lat' dir='ltr'>quidem</span> <span class='ocrx_word' id='word_1_39' title='bbox 1400 603 1459 634; x_wconf 73' lang='lat' dir='ltr'>est.</span> 
     </span>
     <span class='ocr_line' id='line_1_6' title="bbox 401 662 550 697; baseline 0.013 -2"><span class='ocrx_word' id='word_1_40' title='bbox 401 662 462 696; x_wconf 87' lang='lat' dir='ltr'>Vs.</span> <span class='ocrx_word' id='word_1_41' title='bbox 489 663 550 697; x_wconf 85' lang='grc'><strong>41.</strong></span> 
     </span>
    </p>

    <p class='ocr_par' dir='ltr' id='par_1_3' title="bbox 300 726 1461 1355">
     <span class='ocr_line' id='line_1_7' title="bbox 463 726 1303 774; baseline 0.001 -14"><span class='ocrx_word' id='word_1_42' title='bbox 463 727 567 761; x_wconf 73' lang='lat' dir='ltr'>Canes</span> <span class='ocrx_word' id='word_1_43' title='bbox 593 739 691 771; x_wconf 75' lang='lat' dir='ltr'>capro</span> <span class='ocrx_word' id='word_1_44' title='bbox 719 726 903 761; x_wconf 66' lang='lat' dir='ltr'>commiaeta.</span> <span class='ocrx_word' id='word_1_45' title='bbox 936 737 993 761; x_wconf 79' lang='lat' dir='ltr'>Gn.</span> <span class='ocrx_word' id='word_1_46' title='bbox 1021 726 1103 772; x_wconf 80' lang='lat' dir='ltr'>quid</span> <span class='ocrx_word' id='word_1_47' title='bbox 1124 726 1175 761; x_wconf 70' lang='lat' dir='ltr'>vis</span> <span class='ocrx_word' id='word_1_48' title='bbox 1190 727 1303 774; x_wconf 73' lang='lat' dir='ltr'>fieri?</span> 
     </span>
     <span class='ocr_line' id='line_1_8' title="bbox 305 781 1461 839; baseline 0.001 -13"><span class='ocrx_word' id='word_1_49' title='bbox 305 793 410 826; x_wconf 68' lang='lat' dir='ltr'>Canes</span> <span class='ocrx_word' id='word_1_50' title='bbox 435 803 497 838; x_wconf 90' lang='lat' dir='ltr'>pro</span> <span class='ocrx_word' id='word_1_51' title='bbox 525 791 636 834; x_wconf 73' lang='lat' dir='ltr'>canis,</span> <span class='ocrx_word' id='word_1_52' title='bbox 665 791 953 837; x_wconf 82' lang='lat' dir='ltr'>quemadmodum</span> <span class='ocrx_word' id='word_1_53' title='bbox 980 781 1107 826; x_wconf 73' lang='lat' dir='ltr'>dicitur</span> <span class='ocrx_word' id='word_1_54' title='bbox 1120 793 1236 837; x_wconf 74' lang='lat' dir='ltr'>vulpes</span> <span class='ocrx_word' id='word_1_55' title='bbox 1261 804 1323 839; x_wconf 89' lang='lat' dir='ltr'>pro</span> <span class='ocrx_word' id='word_1_56' title='bbox 1350 793 1461 837; x_wconf 68' lang='lat' dir='ltr'>vulpis</span> 
     </span>
     <span class='ocr_line' id='line_1_9' title="bbox 302 855 1461 904; baseline 0.001 -15"><span class='ocrx_word' id='word_1_57' title='bbox 302 860 336 890; x_wconf 87' lang='lat' dir='ltr'>et</span> <span class='ocrx_word' id='word_1_58' title='bbox 364 855 454 901; x_wconf 85' lang='lat' dir='ltr'>(Rud</span> <span class='ocrx_word' id='word_1_59' title='bbox 481 855 559 889; x_wconf 92' lang='lat' dir='ltr'><strong>III:</strong></span> <span class='ocrx_word' id='word_1_60' title='bbox 587 857 629 890; x_wconf 88' lang='lat'>4:</span> <span class='ocrx_word' id='word_1_61' title='bbox 656 857 716 901; x_wconf 84' lang='grc'>43)</span> <span class='ocrx_word' id='word_1_62' title='bbox 734 857 832 902; x_wconf 75' lang='lat' dir='ltr'>seles</span> <span class='ocrx_word' id='word_1_63' title='bbox 858 869 920 903; x_wconf 88' lang='lat' dir='ltr'>pro</span> <span class='ocrx_word' id='word_1_64' title='bbox 936 856 1040 902; x_wconf 62' lang='lat' dir='ltr'>felis.</span> <span class='ocrx_word' id='word_1_65' title='bbox 1093 855 1200 891; x_wconf 83' lang='lat' dir='ltr'>Verbi</span> <span class='ocrx_word' id='word_1_66' title='bbox 1217 857 1300 904; x_wconf 77' lang='lat' dir='ltr'>fieri</span> <span class='ocrx_word' id='word_1_67' title='bbox 1326 856 1422 903; x_wconf 89' lang='lat' dir='ltr'>prius</span> <span class='ocrx_word' id='word_1_68' title='bbox 1448 857 1461 890; x_wconf 58' lang='grc' dir='ltr'>ι’</span> 
     </span>
     <span class='ocr_line' id='line_1_10' title="bbox 301 919 1458 967; baseline 0 -13"><span class='ocrx_word' id='word_1_69' title='bbox 301 919 405 966; x_wconf 86' lang='lat' dir='ltr'>vulgo</span> <span class='ocrx_word' id='word_1_70' title='bbox 432 919 617 967; x_wconf 85' lang='lat' dir='ltr'>corripitur</span> <span class='ocrx_word' id='word_1_71' title='bbox 644 920 673 954; x_wconf 87' lang='lat' dir='ltr'>si</span> <span class='ocrx_word' id='word_1_72' title='bbox 700 920 831 967; x_wconf 74' lang='lat' dir='ltr'>syllaba</span> <span class='ocrx_word' id='word_1_73' title='bbox 857 920 1012 965; x_wconf 85' lang='lat' dir='ltr'>sequitur</span> <span class='ocrx_word' id='word_1_74' title='bbox 1044 920 1171 955; x_wconf 85' lang='lat' dir='ltr'>litteris</span> <span class='ocrx_word' id='word_1_75' title='bbox 1207 933 1243 955; x_wconf 74' lang='lat' dir='ltr'>er</span> <span class='ocrx_word' id='word_1_76' title='bbox 1274 920 1458 966; x_wconf 87' lang='lat' dir='ltr'>incipiens,</span> 
     </span>
     <span class='ocr_line' id='line_1_11' title="bbox 302 984 1460 1031; baseline 0 -12"><span class='ocrx_word' id='word_1_77' title='bbox 302 984 448 1019; x_wconf 85' lang='lat' dir='ltr'>Plautus</span> <span class='ocrx_word' id='word_1_78' title='bbox 475 988 589 1019; x_wconf 83' lang='lat' dir='ltr'>tamen</span> <span class='ocrx_word' id='word_1_79' title='bbox 617 985 736 1019; x_wconf 87' lang='lat' dir='ltr'>multis</span> <span class='ocrx_word' id='word_1_80' title='bbox 763 985 847 1019; x_wconf 86' lang='lat' dir='ltr'>locis</span> <span class='ocrx_word' id='word_1_81' title='bbox 880 984 1057 1031; x_wconf 75' lang='lat' dir='ltr'>producit,</span> <span class='ocrx_word' id='word_1_82' title='bbox 1094 997 1241 1030; x_wconf 88' lang='lat' dir='ltr'>quorum</span> <span class='ocrx_word' id='word_1_83' title='bbox 1275 985 1460 1020; x_wconf 86' lang='lat' dir='ltr'>nonnullos</span> 
     </span>
     <span class='ocr_line' id='line_1_12' title="bbox 302 1048 1459 1097; baseline 0.001 -14"><span class='ocrx_word' id='word_1_84' title='bbox 302 1048 453 1083; x_wconf 83' lang='lat' dir='ltr'>indicare</span> <span class='ocrx_word' id='word_1_85' title='bbox 479 1048 592 1084; x_wconf 84' lang='lat' dir='ltr'>lubet:</span> <span class='ocrx_word' id='word_1_86' title='bbox 621 1049 746 1096; x_wconf 86' lang='lat' dir='ltr'>Amph.</span> <span class='ocrx_word' id='word_1_87' title='bbox 776 1049 831 1084; x_wconf 86' lang='lat' dir='ltr'>II:</span> <span class='ocrx_word' id='word_1_88' title='bbox 861 1051 900 1084; x_wconf 88' lang='lat'>1:</span> <span class='ocrx_word' id='word_1_89' title='bbox 930 1050 994 1092; x_wconf 84' lang='lat'>17,</span> <span class='ocrx_word' id='word_1_90' title='bbox 1023 1050 1088 1092; x_wconf 83' lang='grc'><strong>43,</strong></span> <span class='ocrx_word' id='word_1_91' title='bbox 1116 1048 1172 1084; x_wconf 85' lang='lat' dir='ltr'>II:</span> <span class='ocrx_word' id='word_1_92' title='bbox 1193 1051 1233 1084; x_wconf 79' lang='lat'>2:</span> <span class='ocrx_word' id='word_1_93' title='bbox 1253 1050 1341 1093; x_wconf 87' lang='grc'><strong>231,</strong></span> <span class='ocrx_word' id='word_1_94' title='bbox 1361 1049 1459 1097; x_wconf 85' lang='lat' dir='ltr'>Capt.</span> 
     </span>
     <span class='ocr_line' id='line_1_13' title="bbox 302 1114 1458 1158; baseline 0.001 -10"><span class='ocrx_word' id='word_1_95' title='bbox 302 1114 357 1148; x_wconf 88' lang='lat' dir='ltr'>II:</span> <span class='ocrx_word' id='word_1_96' title='bbox 388 1116 427 1149; x_wconf 81' lang='lat'>5:</span> <span class='ocrx_word' id='word_1_97' title='bbox 457 1116 497 1157; x_wconf 83' lang='lat'>8,</span> <span class='ocrx_word' id='word_1_98' title='bbox 526 1114 594 1148; x_wconf 87' lang='lat' dir='ltr'>IV:</span> <span class='ocrx_word' id='word_1_99' title='bbox 625 1116 664 1149; x_wconf 84' lang='lat'>1:</span> <span class='ocrx_word' id='word_1_100' title='bbox 693 1117 734 1157; x_wconf 92' lang='grc'><strong>2,</strong></span> <span class='ocrx_word' id='word_1_101' title='bbox 763 1115 837 1149; x_wconf 76' lang='lat' dir='ltr'>Cas.</span> <span class='ocrx_word' id='word_1_102' title='bbox 866 1114 901 1149; x_wconf 92' lang='lat' dir='ltr'>I:</span> <span class='ocrx_word' id='word_1_103' title='bbox 930 1116 996 1157; x_wconf 87' lang='lat'>37,</span> <span class='ocrx_word' id='word_1_104' title='bbox 1026 1114 1084 1149; x_wconf 88' lang='lat' dir='ltr'>II:</span> <span class='ocrx_word' id='word_1_105' title='bbox 1114 1116 1154 1149; x_wconf 90' lang='lat'>5:</span> <span class='ocrx_word' id='word_1_106' title='bbox 1184 1116 1221 1157; x_wconf 89' lang='grc'>8,</span> <span class='ocrx_word' id='word_1_107' title='bbox 1250 1115 1322 1149; x_wconf 86' lang='lat' dir='ltr'>IV:</span> <span class='ocrx_word' id='word_1_108' title='bbox 1351 1116 1389 1149; x_wconf 86' lang='lat' dir='ltr'>l:</span> <span class='ocrx_word' id='word_1_109' title='bbox 1418 1117 1458 1158; x_wconf 89' lang='grc'><strong>2,</strong></span> 
     </span>
     <span class='ocr_line' id='line_1_14' title="bbox 300 1178 1458 1224; baseline 0.003 -11"><span class='ocrx_word' id='word_1_110' title='bbox 300 1178 423 1214; x_wconf 82' lang='lat' dir='ltr'>Bacch.</span> <span class='ocrx_word' id='word_1_111' title='bbox 451 1179 509 1214; x_wconf 86' lang='lat' dir='ltr'>II:</span> <span class='ocrx_word' id='word_1_112' title='bbox 537 1181 577 1214; x_wconf 82' lang='lat'>3:</span> <span class='ocrx_word' id='word_1_113' title='bbox 606 1181 672 1222; x_wconf 88' lang='lat'>65,</span> <span class='ocrx_word' id='word_1_114' title='bbox 702 1180 793 1215; x_wconf 84' lang='lat' dir='ltr'>Grex</span> <span class='ocrx_word' id='word_1_115' title='bbox 822 1181 861 1223; x_wconf 82' lang='lat'>3,</span> <span class='ocrx_word' id='word_1_116' title='bbox 890 1180 997 1214; x_wconf 85' lang='lat' dir='ltr'>Most.</span> <span class='ocrx_word' id='word_1_117' title='bbox 1026 1179 1103 1214; x_wconf 88' lang='lat' dir='ltr'>III:</span> <span class='ocrx_word' id='word_1_118' title='bbox 1134 1182 1171 1215; x_wconf 82' lang='lat'>2:</span> <span class='ocrx_word' id='word_1_119' title='bbox 1192 1181 1258 1223; x_wconf 85' lang='lat'>33,</span> <span class='ocrx_word' id='word_1_120' title='bbox 1280 1182 1343 1224; x_wconf 82' lang='grc'><strong>34,</strong></span> <span class='ocrx_word' id='word_1_121' title='bbox 1365 1181 1458 1216; x_wconf 88' lang='lat' dir='ltr'>Men.</span> 
     </span>
     <span class='ocr_line' id='line_1_15' title="bbox 300 1244 1458 1287; baseline 0.002 -9"><span class='ocrx_word' id='word_1_122' title='bbox 300 1245 350 1279; x_wconf 78' lang='lat' dir='ltr'>V:</span> <span class='ocrx_word' id='word_1_123' title='bbox 380 1247 442 1287; x_wconf 88' lang='grc'><strong>24,</strong></span> <span class='ocrx_word' id='word_1_124' title='bbox 471 1244 595 1279; x_wconf 85' lang='lat' dir='ltr'>Pseud.</span> <span class='ocrx_word' id='word_1_125' title='bbox 624 1244 700 1279; x_wconf 84' lang='lat' dir='ltr'><strong>III:</strong></span> <span class='ocrx_word' id='word_1_126' title='bbox 736 1247 775 1279; x_wconf 86' lang='lat'>1:</span> <span class='ocrx_word' id='word_1_127' title='bbox 812 1246 877 1287; x_wconf 90' lang='grc'><strong>20,</strong></span> <span class='ocrx_word' id='word_1_128' title='bbox 906 1245 1013 1279; x_wconf 88' lang='lat' dir='ltr'>Poen.</span> <span class='ocrx_word' id='word_1_129' title='bbox 1042 1245 1120 1279; x_wconf 93' lang='lat' dir='ltr'><strong>III:</strong></span> <span class='ocrx_word' id='word_1_130' title='bbox 1154 1247 1193 1280; x_wconf 84' lang='lat'>3:</span> <span class='ocrx_word' id='word_1_131' title='bbox 1223 1247 1313 1287; x_wconf 85' lang='lat'>111,</span> <span class='ocrx_word' id='word_1_132' title='bbox 1342 1246 1389 1279; x_wconf 87' lang='lat' dir='ltr'>V:</span> <span class='ocrx_word' id='word_1_133' title='bbox 1419 1248 1458 1280; x_wconf 85' lang='grc'>2;</span> 
     </span>
     <span class='ocr_line' id='line_1_16' title="bbox 303 1309 686 1355; baseline 0.005 -14"><span class='ocrx_word' id='word_1_134' title='bbox 303 1311 347 1342; x_wconf 78' lang='lat' dir='ltr'>9ss</span> <span class='ocrx_word' id='word_1_135' title='bbox 376 1313 411 1344; x_wconf 91' lang='lat' dir='ltr'>et</span> <span class='ocrx_word' id='word_1_136' title='bbox 437 1309 520 1344; x_wconf 88' lang='lat' dir='ltr'>alibi</span> <span class='ocrx_word' id='word_1_137' title='bbox 546 1309 686 1355; x_wconf 83' lang='lat' dir='ltr'>passim.</span> 
     </span>
    </p>

    <p class='ocr_par' dir='ltr' id='par_1_4' title="bbox 400 1374 1383 1614">
     <span class='ocr_line' id='line_1_17' title="bbox 400 1374 648 1409; baseline 0.004 -2"><span class='ocrx_word' id='word_1_138' title='bbox 400 1374 461 1409; x_wconf 78' lang='lat' dir='ltr'>Vs.</span> <span class='ocrx_word' id='word_1_139' title='bbox 489 1375 648 1408; x_wconf 87' lang='grc'><strong>42-45,</strong></span> 
     </span>
     <span class='ocr_line' id='line_1_18' title="bbox 452 1438 1303 1484; baseline 0.001 -11"><span class='ocrx_word' id='word_1_140' title='bbox 452 1438 530 1473; x_wconf 81' lang='lat' dir='ltr'>Non</span> <span class='ocrx_word' id='word_1_141' title='bbox 553 1450 661 1472; x_wconf 69' lang='lat' dir='ltr'>omnes</span> <span class='ocrx_word' id='word_1_142' title='bbox 684 1443 827 1484; x_wconf 69' lang='lat' dir='ltr'>possunt</span> <span class='ocrx_word' id='word_1_143' title='bbox 854 1439 942 1473; x_wconf 76' lang='lat' dir='ltr'>olere</span> <span class='ocrx_word' id='word_1_144' title='bbox 968 1443 1139 1483; x_wconf 58' lang='lat' dir='ltr'>ammenta</span> <span class='ocrx_word' id='word_1_145' title='bbox 1166 1438 1303 1474; x_wconf 69' lang='lat' dir='ltr'>exotica.</span> 
     </span>
     <span class='ocr_line' id='line_1_19' title="bbox 452 1503 1297 1538; baseline 0.001 -1"><span class='ocrx_word' id='word_1_146' title='bbox 452 1503 488 1537; x_wconf 71' lang='lat' dir='ltr'>Si</span> <span class='ocrx_word' id='word_1_147' title='bbox 515 1507 552 1537; x_wconf 73' lang='lat' dir='ltr'>ta</span> <span class='ocrx_word' id='word_1_148' title='bbox 579 1504 647 1538; x_wconf 70' lang='lat' dir='ltr'>oles</span> <span class='ocrx_word' id='word_1_149' title='bbox 666 1531 1297 1538; x_wconf 91' lang='grc'><strong>...........</strong></span> 
     </span>
     <span class='ocr_line' id='line_1_20' title="bbox 639 1568 1383 1614; baseline 0.001 -12"><span class='ocrx_word' id='word_1_150' title='bbox 639 1595 646 1602; x_wconf 92' lang='grc'><strong>.</strong></span> <span class='ocrx_word' id='word_1_151' title='bbox 699 1580 802 1614; x_wconf 76' lang='lat' dir='ltr'>neque</span> <span class='ocrx_word' id='word_1_152' title='bbox 825 1568 978 1614; x_wconf 70' lang='lat' dir='ltr'>superior</span> <span class='ocrx_word' id='word_1_153' title='bbox 1002 1580 1075 1602; x_wconf 79' lang='lat' dir='ltr'>eum</span> <span class='ocrx_word' id='word_1_154' title='bbox 1101 1581 1155 1603; x_wconf 79' lang='lat' dir='ltr'>ero</span> <span class='ocrx_word' id='word_1_155' title='bbox 1181 1569 1383 1611; x_wconf 78' lang='lat' dir='ltr'>accumbere,</span> 
     </span>
    </p>

    <p class='ocr_par' dir='ltr' id='par_1_5' title="bbox 298 1633 1459 2323">
     <span class='ocr_line' id='line_1_21' title="bbox 450 1633 1313 1679; baseline 0 -12"><span class='ocrx_word' id='word_1_156' title='bbox 450 1633 565 1679; x_wconf 74' lang='lat' dir='ltr'>Ncque</span> <span class='ocrx_word' id='word_1_157' title='bbox 594 1637 659 1667; x_wconf 74' lang='lat' dir='ltr'>tam</span> <span class='ocrx_word' id='word_1_158' title='bbox 675 1633 828 1679; x_wconf 76' lang='lat' dir='ltr'>facetis,</span> <span class='ocrx_word' id='word_1_159' title='bbox 853 1646 950 1679; x_wconf 76' lang='lat' dir='ltr'>quam</span> <span class='ocrx_word' id='word_1_160' title='bbox 978 1637 1015 1667; x_wconf 79' lang='lat' dir='ltr'>tu</span> <span class='ocrx_word' id='word_1_161' title='bbox 1041 1633 1143 1676; x_wconf 72' lang='lat' dir='ltr'>vivis,</span> <span class='ocrx_word' id='word_1_162' title='bbox 1172 1634 1313 1668; x_wconf 70' lang='lat' dir='ltr'>victibus</span> 
     </span>
     <span class='ocr_line' id='line_1_22' title="bbox 300 1760 1456 1812; baseline 0 -16"><span class='ocrx_word' id='word_1_163' title='bbox 300 1761 405 1797; x_wconf 82' lang='lat' dir='ltr'>Recte</span> <span class='ocrx_word' id='word_1_164' title='bbox 431 1760 518 1796; x_wconf 87' lang='lat' dir='ltr'>mihi</span> <span class='ocrx_word' id='word_1_165' title='bbox 545 1761 682 1796; x_wconf 83' lang='lat' dir='ltr'>videtur</span> <span class='ocrx_word' id='word_1_166' title='bbox 708 1761 920 1797; x_wconf 85' lang='lat' dir='ltr'>Ritschelius</span> <span class='ocrx_word' id='word_1_167' title='bbox 953 1765 1034 1808; x_wconf 91' lang='lat' dir='ltr'>post</span> <span class='ocrx_word' id='word_1_168' title='bbox 1060 1761 1163 1797; x_wconf 84' lang='lat' dir='ltr'>verba</span> <span class='ocrx_word' id='word_1_169' title='bbox 1201 1762 1261 1812; x_wconf 65' lang='lat' dir='ltr'>nsi</span> <span class='ocrx_word' id='word_1_170' title='bbox 1292 1766 1330 1796; x_wconf 76' lang='lat' dir='ltr'>tu</span> <span class='ocrx_word' id='word_1_171' title='bbox 1359 1764 1456 1797; x_wconf 71' lang='lat' dir='ltr'>olesa</span> 
     </span>
     <span class='ocr_line' id='line_1_23' title="bbox 301 1826 1458 1873; baseline 0.002 -13"><span class='ocrx_word' id='word_1_172' title='bbox 301 1829 363 1872; x_wconf 86' lang='lat' dir='ltr'>(vs.</span> <span class='ocrx_word' id='word_1_173' title='bbox 391 1827 451 1872; x_wconf 83' lang='lat'>43)</span> <span class='ocrx_word' id='word_1_174' title='bbox 479 1829 514 1860; x_wconf 85' lang='lat' dir='ltr'>et</span> <span class='ocrx_word' id='word_1_175' title='bbox 539 1830 618 1872; x_wconf 90' lang='lat' dir='ltr'>post</span> <span class='ocrx_word' id='word_1_176' title='bbox 644 1826 784 1860; x_wconf 69' lang='lat' dir='ltr'>victibus</span> <span class='ocrx_word' id='word_1_177' title='bbox 812 1827 874 1871; x_wconf 84' lang='lat' dir='ltr'>(vs.</span> <span class='ocrx_word' id='word_1_178' title='bbox 894 1827 954 1872; x_wconf 81' lang='lat'>45)</span> <span class='ocrx_word' id='word_1_179' title='bbox 982 1826 1123 1860; x_wconf 86' lang='lat' dir='ltr'>lacunae</span> <span class='ocrx_word' id='word_1_180' title='bbox 1148 1829 1267 1861; x_wconf 87' lang='lat' dir='ltr'>notam</span> <span class='ocrx_word' id='word_1_181' title='bbox 1290 1826 1458 1873; x_wconf 86' lang='lat' dir='ltr'>posuisse.</span> 
     </span>
     <span class='ocr_line' id='line_1_24' title="bbox 300 1891 1459 1938; baseline -0.001 -11"><span class='ocrx_word' id='word_1_182' title='bbox 300 1891 335 1927; x_wconf 90' lang='lat' dir='ltr'>Si</span> <span class='ocrx_word' id='word_1_183' title='bbox 375 1891 467 1928; x_wconf 88' lang='lat' dir='ltr'>enim</span> <span class='ocrx_word' id='word_1_184' title='bbox 507 1904 556 1927; x_wconf 89' lang='lat' dir='ltr'>vs.</span> <span class='ocrx_word' id='word_1_185' title='bbox 594 1893 641 1926; x_wconf 85' lang='lat'>43</span> <span class='ocrx_word' id='word_1_186' title='bbox 678 1904 728 1938; x_wconf 91' lang='lat' dir='ltr'>sq.</span> <span class='ocrx_word' id='word_1_187' title='bbox 769 1891 970 1927; x_wconf 85' lang='lat' dir='ltr'>continuata</span> <span class='ocrx_word' id='word_1_188' title='bbox 1008 1892 1180 1927; x_wconf 83' lang='lat' dir='ltr'>sententia</span> <span class='ocrx_word' id='word_1_189' title='bbox 1217 1892 1383 1938; x_wconf 83' lang='lat' dir='ltr'>legimus,</span> <span class='ocrx_word' id='word_1_190' title='bbox 1425 1896 1459 1927; x_wconf 84' lang='lat' dir='ltr'>et</span> 
     </span>
     <span class='ocr_line' id='line_1_25' title="bbox 299 1955 1457 2002; baseline -0.001 -12"><span class='ocrx_word' id='word_1_191' title='bbox 299 1968 417 1990; x_wconf 87' lang='lat' dir='ltr'>versus</span> <span class='ocrx_word' id='word_1_192' title='bbox 451 1956 601 2001; x_wconf 85' lang='lat' dir='ltr'>pravitas</span> <span class='ocrx_word' id='word_1_193' title='bbox 636 1959 670 1991; x_wconf 82' lang='lat' dir='ltr'>et</span> <span class='ocrx_word' id='word_1_194' title='bbox 705 1956 928 2002; x_wconf 84' lang='lat' dir='ltr'>grammatica</span> <span class='ocrx_word' id='word_1_195' title='bbox 963 1955 1144 1990; x_wconf 88' lang='lat' dir='ltr'>difficultas</span> <span class='ocrx_word' id='word_1_196' title='bbox 1176 1955 1214 1990; x_wconf 92' lang='lat' dir='ltr'>in</span> <span class='ocrx_word' id='word_1_197' title='bbox 1249 1955 1366 1990; x_wconf 89' lang='lat' dir='ltr'>oculos</span> <span class='ocrx_word' id='word_1_198' title='bbox 1405 1955 1457 1989; x_wconf 91' lang='lat' dir='ltr'>in-</span> 
     </span>
     <span class='ocr_line' id='line_1_26' title="bbox 299 2019 1458 2067; baseline 0 -12"><span class='ocrx_word' id='word_1_199' title='bbox 299 2022 455 2056; x_wconf 86' lang='lat' dir='ltr'>currunt.</span> <span class='ocrx_word' id='word_1_200' title='bbox 505 2019 624 2055; x_wconf 88' lang='lat' dir='ltr'>Primo</span> <span class='ocrx_word' id='word_1_201' title='bbox 652 2020 744 2056; x_wconf 90' lang='lat' dir='ltr'>enim</span> <span class='ocrx_word' id='word_1_202' title='bbox 771 2020 801 2054; x_wconf 84' lang='lat' dir='ltr'>si</span> <span class='ocrx_word' id='word_1_203' title='bbox 829 2032 988 2055; x_wconf 89' lang='lat' dir='ltr'>numeros</span> <span class='ocrx_word' id='word_1_204' title='bbox 1016 2023 1166 2067; x_wconf 84' lang='lat' dir='ltr'>spectes,</span> <span class='ocrx_word' id='word_1_205' title='bbox 1194 2019 1248 2054; x_wconf 90' lang='lat' dir='ltr'>bis</span> <span class='ocrx_word' id='word_1_206' title='bbox 1275 2020 1313 2054; x_wconf 90' lang='lat' dir='ltr'>in</span> <span class='ocrx_word' id='word_1_207' title='bbox 1339 2020 1458 2055; x_wconf 82' lang='lat' dir='ltr'>eodem</span> 
     </span>
     <span class='ocr_line' id='line_1_27' title="bbox 298 2084 1458 2131; baseline -0.001 -11"><span class='ocrx_word' id='word_1_208' title='bbox 298 2098 400 2120; x_wconf 85' lang='lat' dir='ltr'>versu</span> <span class='ocrx_word' id='word_1_209' title='bbox 425 2084 560 2120; x_wconf 86' lang='lat' dir='ltr'>hiatum</span> <span class='ocrx_word' id='word_1_210' title='bbox 586 2084 792 2131; x_wconf 85' lang='lat' dir='ltr'>accipiamus</span> <span class='ocrx_word' id='word_1_211' title='bbox 817 2096 953 2119; x_wconf 88' lang='lat' dir='ltr'>necesse</span> <span class='ocrx_word' id='word_1_212' title='bbox 979 2088 1050 2127; x_wconf 86' lang='lat' dir='ltr'>est,</span> <span class='ocrx_word' id='word_1_213' title='bbox 1084 2084 1175 2130; x_wconf 88' lang='lat' dir='ltr'>quod</span> <span class='ocrx_word' id='word_1_214' title='bbox 1205 2084 1293 2119; x_wconf 85' lang='lat' dir='ltr'>mihi</span> <span class='ocrx_word' id='word_1_215' title='bbox 1320 2084 1458 2130; x_wconf 85' lang='lat' dir='ltr'>quidem</span> 
     </span>
     <span class='ocr_line' id='line_1_28' title="bbox 298 2149 1458 2196; baseline 0 -11"><span class='ocrx_word' id='word_1_216' title='bbox 298 2150 436 2185; x_wconf 86' lang='lat' dir='ltr'>videtur</span> <span class='ocrx_word' id='word_1_217' title='bbox 461 2149 575 2185; x_wconf 89' lang='lat' dir='ltr'>solum</span> <span class='ocrx_word' id='word_1_218' title='bbox 601 2149 674 2184; x_wconf 91' lang='lat' dir='ltr'>fieri</span> <span class='ocrx_word' id='word_1_219' title='bbox 700 2161 816 2196; x_wconf 83' lang='lat' dir='ltr'>posse,</span> <span class='ocrx_word' id='word_1_220' title='bbox 850 2149 879 2184; x_wconf 86' lang='lat' dir='ltr'>si</span> <span class='ocrx_word' id='word_1_221' title='bbox 906 2162 1022 2185; x_wconf 87' lang='lat' dir='ltr'>versus</span> <span class='ocrx_word' id='word_1_222' title='bbox 1049 2152 1101 2184; x_wconf 88' lang='lat' dir='ltr'>est</span> <span class='ocrx_word' id='word_1_223' title='bbox 1127 2153 1359 2196; x_wconf 67' lang='lat' dir='ltr'>asynarteffls,</span> <span class='ocrx_word' id='word_1_224' title='bbox 1398 2150 1458 2185; x_wconf 88' lang='lat' dir='ltr'>sed</span> 
     </span>
     <span class='ocr_line' id='line_1_29' title="bbox 299 2214 1457 2262; baseline 0.001 -13"><span class='ocrx_word' id='word_1_225' title='bbox 299 2216 336 2249; x_wconf 89' lang='lat' dir='ltr'>in</span> <span class='ocrx_word' id='word_1_226' title='bbox 351 2215 518 2250; x_wconf 84' lang='lat' dir='ltr'>trimetris</span> <span class='ocrx_word' id='word_1_227' title='bbox 528 2214 657 2262; x_wconf 85' lang='lat' dir='ltr'>jambis</span> <span class='ocrx_word' id='word_1_228' title='bbox 668 2214 704 2248; x_wconf 88' lang='lat' dir='ltr'>id</span> <span class='ocrx_word' id='word_1_229' title='bbox 716 2226 902 2259; x_wconf 89' lang='lat' dir='ltr'>numquam</span> <span class='ocrx_word' id='word_1_230' title='bbox 916 2215 964 2258; x_wconf 82' lang='lat' dir='ltr'>fit;</span> <span class='ocrx_word' id='word_1_231' title='bbox 975 2214 1079 2249; x_wconf 80' lang='lat' dir='ltr'>semel</span> <span class='ocrx_word' id='word_1_232' title='bbox 1091 2214 1225 2249; x_wconf 78' lang='lat' dir='ltr'>hiatum</span> <span class='ocrx_word' id='word_1_233' title='bbox 1235 2214 1373 2250; x_wconf 86' lang='lat' dir='ltr'>admitti</span> <span class='ocrx_word' id='word_1_234' title='bbox 1386 2227 1457 2250; x_wconf 90' lang='lat' dir='ltr'>non</span> 
     </span>
     <span class='ocr_line' id='line_1_30' title="bbox 299 2279 1455 2323; baseline -0.001 -8"><span class='ocrx_word' id='word_1_235' title='bbox 299 2279 460 2315; x_wconf 85' lang='lat' dir='ltr'>abhorret</span> <span class='ocrx_word' id='word_1_236' title='bbox 477 2293 497 2315; x_wconf 87' lang='lat' dir='ltr'>a</span> <span class='ocrx_word' id='word_1_237' title='bbox 522 2279 641 2315; x_wconf 87' lang='lat' dir='ltr'>Plauti</span> <span class='ocrx_word' id='word_1_238' title='bbox 668 2279 935 2323; x_wconf 80' lang='lat' dir='ltr'>consuetudine,</span> <span class='ocrx_word' id='word_1_239' title='bbox 962 2279 1021 2314; x_wconf 80' lang='lat' dir='ltr'>sed</span> <span class='ocrx_word' id='word_1_240' title='bbox 1047 2279 1100 2314; x_wconf 87' lang='lat' dir='ltr'>bis</span> <span class='ocrx_word' id='word_1_241' title='bbox 1127 2280 1164 2314; x_wconf 88' lang='lat' dir='ltr'>iu</span> <span class='ocrx_word' id='word_1_242' title='bbox 1191 2280 1311 2315; x_wconf 82' lang='lat' dir='ltr'>eodem</span> <span class='ocrx_word' id='word_1_243' title='bbox 1338 2279 1455 2314; x_wconf 85' lang='lat' dir='ltr'>trime-</span> 
     </span>
    </p>
   </div>
   <div class='ocr_carea' id='block_1_3' title="bbox 299 2343 1455 2393">
    <p class='ocr_par' dir='ltr' id='par_1_6' title="bbox 299 2343 1455 2393">
     <span class='ocr_line' id='line_1_31' title="bbox 299 2343 1455 2393; baseline -0.002 -13"><span class='ocrx_word' id='word_1_244' title='bbox 299 2348 365 2388; x_wconf 81' lang='lat' dir='ltr'>tro,</span> <span class='ocrx_word' id='word_1_245' title='bbox 393 2345 429 2380; x_wconf 92' lang='lat' dir='ltr'>id</span> <span class='ocrx_word' id='word_1_246' title='bbox 456 2357 536 2380; x_wconf 84' lang='lat' dir='ltr'>vero</span> <span class='ocrx_word' id='word_1_247' title='bbox 556 2344 717 2380; x_wconf 88' lang='lat' dir='ltr'>omnibus</span> <span class='ocrx_word' id='word_1_248' title='bbox 736 2343 870 2390; x_wconf 82' lang='lat' dir='ltr'>legibus</span> <span class='ocrx_word' id='word_1_249' title='bbox 897 2344 1049 2380; x_wconf 75' lang='lat' dir='ltr'>metricis</span> <span class='ocrx_word' id='word_1_250' title='bbox 1076 2344 1162 2379; x_wconf 91' lang='lat' dir='ltr'>mihi</span> <span class='ocrx_word' id='word_1_251' title='bbox 1189 2356 1378 2393; x_wconf 84' lang='lat' dir='ltr'>repugnare</span> <span class='ocrx_word' id='word_1_252' title='bbox 1404 2344 1455 2379; x_wconf 93' lang='lat' dir='ltr'>vi-</span> 
     </span>
    </p>
   </div>
   <div class='ocr_carea' id='block_1_4' title="bbox 80 2929 1752 2978">
    <p class='ocr_par' dir='ltr' id='par_1_7' title="bbox 80 2929 1752 2978">
     <span class='ocr_line' id='line_1_32' title="bbox 80 2929 1752 2978; baseline 0 0"><span class='ocrx_word' id='word_1_253' title='bbox 80 2929 1752 2978; x_wconf 95' lang='lat' dir='ltr'> </span> 
     </span>
    </p>
   </div>
  </div>
 </body>
</html>
