1752 2978
855 365 899 397 23

301 454 370 489 mio
397 454 489 489 enim
502 455 666 490 Tranioni
693 455 843 489 minatur
870 455 996 489 multas
1025 454 1279 489 crudelissimas
1305 465 1452 499 poenas,

300 520 330 554 si
356 532 458 555 senex
483 519 715 567 Theuropides
740 522 950 564 revertatur,
978 531 1040 555 nec
1066 518 1176 555 ullum
1199 517 1343 554 verbum
1363 521 1452 553 mut-

300 584 345 619 tit
378 584 420 620 de
445 587 598 631 tempore
624 596 691 630 quo
717 596 914 619 reversurus
954 583 1011 619 sit.
1064 583 1099 618 Si
1126 583 1366 630 quamprimum
1399 583 1452 618 di-

299 653 390 684 ceret
401 677 411 693 ‚
440 647 646 695 significaret
664 647 809 683 Grumio
837 660 873 683 se
899 647 985 682 scire
1011 646 1147 693 quando
1174 660 1372 683 reversurus
1399 661 1451 682 es-

299 717 370 757 set,
408 713 500 760 quod
537 712 722 748 nesciebat.
773 712 860 747 Sunt
900 712 959 758 qui
1000 712 1172 760 explicent
1196 724 1256 759 per
1282 712 1450 760 hyperba-

299 783 377 823 ton,
417 777 508 825 quod
542 781 656 813 tamen
682 777 794 813 nimis
814 776 925 812 audax
950 777 1037 812 mihi
1063 777 1210 813 videtur.
1263 777 1312 813 Le
1340 778 1451 813 Maire

299 846 336 880 in
361 845 445 888 Ed„
472 844 533 879 illo
562 843 665 878 verbo
692 843 819 878 omisso
846 843 896 877 ita
921 842 1023 889 legit:

561 907 731 950 Stimulis,
758 907 787 941 ai
813 908 876 942 huc
902 907 1051 942 reveniat
1077 919 1193 950 senex,

299 973 390 1020 quod
429 975 545 1007 tamen
584 971 666 1007 ferri
703 971 799 1007 nullo
827 971 928 1007 modo
955 975 1086 1019 potest,
1115 972 1158 1007 ob
1186 975 1346 1008 metrum.
1400 974 1448 1006 At

298 1036 479 1072 Ritschelii
506 1037 702 1084 conjectura
728 1049 790 1071 nec
815 1036 1022 1080 sententiae,
1050 1049 1112 1071 nec
1138 1036 1290 1072 metricis
1315 1036 1449 1083 legibus

298 1101 424 1138 obstat.
473 1101 525 1137 Of.
559 1101 637 1137 Mil.
672 1101 769 1137 Glor.
797 1101 856 1136 II:
885 1103 924 1136 6:
953 1103 1011 1136 31.

430 1165 510 1200 Nisi
535 1165 616 1200 mibi
641 1165 838 1211 <supplicium
864 1165 1053 1200 stimuleum
1079 1166 1118 1200 de
1146 1169 1177 1200 te
1202 1165 1316 1201 datur.

297 1230 506 1266 Ritschelius
532 1230 794 1265 animadvertit:
827 1249 844 1270 η
860 1230 967 1266 Plane
994 1230 1112 1265 eodem
1140 1230 1241 1266 modo
1262 1243 1328 1277 quo
1347 1235 1449 1278 pocta

296 1296 421 1332 Pseud.
454 1296 489 1331 I:
530 1297 568 1331 5:
598 1297 669 1331 132
708 1295 800 1331 stilis
836 1295 953 1331 ulmeis
992 1299 1027 1331 et
1069 1296 1173 1331 Stich.
1203 1295 1275 1331 IV:
1318 1298 1357 1331 2:
1401 1298 1445 1331 5ss

293 1362 427 1410 potione
455 1363 584 1409 juncea
613 1361 732 1409 jungit
762 1374 839 1397 cum
867 1360 980 1397 verbis
1019 1361 1190 1396 scribendi
1230 1364 1265 1396 et
1286 1361 1446 1404 bibendi,

297 1426 346 1462 sic
369 1426 434 1462 hoc
459 1426 534 1461 loco
561 1426 727 1461 stimuleis
760 1426 896 1461 terebri-5
919 1426 1038 1473 jungit
1056 1438 1134 1461 cum
1153 1425 1256 1461 verbo
1275 1424 1447 1461 forandi’'.

297 1491 349 1528 Cf.
380 1490 514 1528 Ritsch.
545 1490 694 1538 Parerga
721 1504 755 1538 p.
785 1491 871 1526 483.

394 1555 456 1591 Vs.
485 1556 543 1590 60.

556 1619 726 1655 Orationis
752 1632 883 1665 operam
908 1621 1078 1665 compendi
1092 1621 1199 1667 sace,
1223 1612 1225 1614 ,

295 1684 438 1719 Nullam
477 1696 612 1720 causam
651 1684 751 1719 video
778 1696 837 1719 cur
863 1684 1074 1719 Bitschelius
1100 1684 1165 1719 hoc
1189 1684 1332 1720 verbum
1360 1684 1448 1720 divi-

295 1749 360 1786 sim
387 1749 529 1793 scribat,
557 1762 662 1796 quum
688 1749 840 1797 primum
867 1749 973 1786 codex
1000 1750 1057 1785 Da
1083 1753 1119 1786 et
1147 1749 1281 1786 codices
1308 1750 1448 1797 Pyladis

294 1814 479 1862 praebeant
516 1827 624 1849 unum
663 1814 823 1857 verbum,
864 1814 988 1849 deinde
1024 1814 1230 1862 compositio
1267 1815 1333 1849 is†a
1358 1815 1447 1850 nihil

295 1879 418 1915 habeat
443 1878 535 1925 quod
560 1878 721 1915 offendat.
774 1878 974 1926 Composita
1001 1892 1018 1914 e
1044 1879 1160 1915 verbis
1186 1882 1221 1914 et
1247 1879 1447 1915 nominibus

295 1944 366 1980 sint
391 1944 574 1980 maximam
606 1947 739 1991 partem
764 1944 895 1991 primae
921 1944 1195 1991 conjugationis,
1223 1944 1276 1979 uti
1307 1944 1445 1983 amelli—

294 2009 374 2053 fico,
402 2008 558 2058 pacifico,
585 2007 810 2056 belligeror”‚
840 2009 1035 2057 exemplum
1062 2012 1179 2045 tamen
1205 2009 1287 2045 huic
1313 2009 1445 2053 simile,

295 2074 416 2110 tertiae
442 2074 696 2122 conjugationis
723 2074 769 2109 sit
799 2093 816 2114 η
826 2074 1003 2122 vilipendo
1016 2073 1038 2089 ’'
1043 2103 1051 2110 .

392 2139 453 2175 Vs.
480 2142 525 2174 62
552 2152 601 2186 sq.

457 2205 578 2241 Ervom
604 2203 754 2240 daturin'
781 2204 877 2249 escis,
906 2206 1006 2240 bubus
1033 2206 1120 2253 quod
1131 2206 1280 2253 seram?

458 2269 568 2313 Date,
596 2269 625 2305 si
652 2282 717 2305 uon
742 2268 833 2305 estis.
865 2269 1040 2317 [ceterum]
1070 2269 1159 2316 aque
1177 2269 1327 2316 perfide,

293 2333 391 2369 Alter
418 2346 551 2378 versus,
579 2335 690 2382 quiin
716 2334 891 2371 codicibus
919 2335 1017 2372 valde
1038 2339 1219 2383 corruptus
1247 2339 1314 2379 est,
1343 2336 1446 2382 vulgo

293 2398 342 2434 sie
368 2398 504 2446 legitur,
533 2403 572 2436 ut
598 2400 708 2436 edidit
735 2400 950 2436 Gronovius:
