1752 2978
831 349 874 382 67

366 436 425 472 Vs.
454 439 523 472 549
551 450 599 483 sq.

861 530 868 537 .
921 515 975 538 ΤΒ.
1004 503 1047 537 Εἰ
1072 503 1188 538 misero·
1215 502 1316 537 mihi.-

364 567 479 601 Metuo
506 580 546 601 ne
572 568 721 602 techinae
746 580 834 603 meae
851 572 1014 613 perpetuo
1032 567 1213 613 perierint.
1300 558 1302 561 ¹

271 631 446 674 Tea-binae,
486 632 535 666 ita
574 632 697 679 optimi
729 632 856 667 codicis
882 633 1086 667 auctoritate
1113 632 1234 667 scribit
1260 632 1415 666 Bitscho-

266 695 334 731 lius
360 709 421 744 pro
449 698 601 741 technae,
628 710 832 744 quamquam
870 697 935 733 hoc
974 701 1083 732 metro
1123 696 1301 732 satisfacit.
1354 696 1415 732 Ce-

265 765 376 796 terum
402 762 482 796 haec
508 762 632 797 Tra-nio
660 775 774 797 secum
800 762 965 807 loquitur.
1017 762 1070 797 Cf.
1099 775 1147 796 VS.
1179 763 1262 796 551.

362 825 422 861 Vs.
451 828 521 861 554
548 839 598 873 sq.

264 903 319 926 ΤΕ.
342 892 463 937 Neqat.
489 892 561 938 [ΤΗ.
582 893 708 937 Neqat,
724 892 870 938 inquam.
890 904 944 927 ΤΒ.
960 892 1077 935 Perii,
1091 893 1173 937 rem]
1190 904 1284 937 quom
1298 892 1413 936 cayno.

267 955 359 1000 [Non
384 957 590 1003 confitetur?
615 957 689 1002 TH.]
718 956 852 999 Dicam,
880 956 910 990 si
935 957 1107 1003 consessus
1133 955 1189 990 sit.

266 1020 314 1055 Hi
338 1033 453 1056 versus
471 1021 587 1056 mutili
604 1021 766 1067 leguntur
784 1021 821 1056 in
840 1021 1015 1056 codicibus
1032 1021 1073 1056 B.
1093 1021 1131 1056 C.
1150 1021 1193 1055 D.
1213 1021 1276 1055 hoc
1295 1020 1414 1055 modo:

325 1097 379 1121 ΤΒ.
406 1086 517 1131 Neqat
567 1114 574 1121 .
629 1114 636 1121 .
691 1114 697 1121 .
753 1114 760 1120 .
815 1114 821 1120 .
878 1114 884 1120 .
939 1114 947 1121 .
1002 1114 1009 1121 .
1064 1114 1072 1121 .
1125 1098 1219 1132 quom
1245 1077 1352 1131 coyita

882 1180 889 1186 .
922 1152 1025 1186 (licam
1053 1153 1083 1186 si
1110 1153 1282 1198 confessus
1308 1151 1354 1185 sit

264 1216 425 1251 Extrema
462 1216 587 1263 prioris
626 1229 743 1251 versus
776 1216 879 1251 verba-
913 1215 1043 1251 nullius
1079 1228 1150 1250 esse
1176 1220 1321 1262 possunt
1347 1215 1415 1250 nisi

265 1281 461 1323 Tranionis,
489 1293 573 1325 quae
600 1281 658 1315 ille
685 1293 798 1315 secum
816 1281 970 1325 loquitur
977 1295 987 1323 3
1014 1280 1130 1326 itaque
1150 1284 1417 1315 consentaneum

264 1348 316 1379 est
334 1344 532 1392 praecedere
550 1344 669 1379 verba:
693 1362 711 1383 ῃ
719 1344 832 1387 Perii,
852 1343 1000 1379 rem'’——
1014 1344 1138 1390 quibus
1157 1344 1297 1379 insertis
1316 1344 1417 1379 effici—

264 1413 320 1444 tur
359 1409 536 1456 aptissima
575 1408 777 1443 exclamatio
816 1409 925 1451 servi,
963 1421 1028 1454 qua
1062 1409 1290 1455 significatur,
1319 1409 1418 1444 illum

264 1475 300 1508 in
340 1474 464 1509 timore
504 1473 643 1509 versari.
696 1472 790 1508 Hinc
822 1474 994 1519 sequitur,
1034 1477 1113 1521 post
1153 1473 1294 1509 verbum
1337 1474 1418 1510 Tra-

264 1539 379 1574 nionis
420 1537 572 1584 ''nequii''
604 1538 856 1585 Theuropidem
882 1538 1013 1584 aliquid
1051 1538 1196 1582 dixisse,
1234 1539 1327 1584 quod
1361 1539 1418 1574 in-

264 1604 455 1648 terciderit;
491 1604 527 1639 id
553 1603 640 1639 nihil
667 1603 762 1639 aliud
787 1615 858 1639 esse
889 1604 1006 1651 potuit
1037 1604 1106 1639 nisi
1138 1604 1319 1640 affirmatio
1353 1605 1416 1640 ite-

264 1673 338 1704 rata
355 1682 490 1712 eorum,
513 1681 597 1715 quae
621 1669 693 1715 jam
720 1669 818 1704 dixit.
846 1669 973 1711 Porro,
1003 1673 1185 1716 postquam
1212 1670 1338 1705 Tranio
1366 1683 1416 1705 se-

264 1748 358 1770 cum:
414 1735 555 1777 nPerii,
596 1747 663 1769 rem
702 1747 795 1781 quom
834 1733 979 1779 coqz't0”,
1007 1735 1071 1769 etsi
1096 1735 1168 1781 jam
1195 1736 1279 1770 satis
1306 1740 1417 1771 certus

264 1803 334 1842 est,
370 1799 604 1842 venditorem,
640 1812 660 1834 a
687 1811 753 1845 quo
780 1799 1014 1846 Theuropides
1039 1799 1139 1834 aedes
1166 1812 1243 1835 suas
1270 1806 1415 1844 emerat,

265 1865 391 1900 factum
431 1864 471 1899 de
513 1865 650 1912 hospite
688 1868 808 1900 necato
843 1877 1044 1911 pernegare,
1072 1868 1186 1900 tamen
1214 1866 1355 1901 simulat
1381 1879 1417 1901 se
1447 1896 1450 1899 .

265 1929 399 1964 credere
417 1942 488 1964 non
505 1942 621 1976 posse,
640 1929 810 1964 necullam
827 1929 927 1964 fidem
944 1929 1061 1963 haberi
1086 1929 1129 1963 iis
1148 1942 1234 1975 quae
1251 1932 1415 1966 narravit.

265 1994 434 2039 Quocirca
472 2007 541 2030 non
574 1994 701 2029 mirum
727 1994 864 2030 videtur
889 1993 1013 2029 verba:
1045 1994 1151 2033 ssNon
1184 1995 1415 2043 confitetur-‚W

265 2059 451 2103 excidisse,
479 2059 604 2105 quibus
630 2072 722 2095 nunc
747 2063 826 2107 apte
852 2058 1035 2106 respondet
1061 2058 1312 2107 Theuropides:
1335 2061 1415 2100 ndi-

264 2137 352 2167 cam,
392 2124 422 2158 si
460 2125 632 2172 confessus
669 2123 751 2160 sitss’
802 2123 1033 2160 Probabiliter
1071 2123 1179 2169 igitur
1206 2124 1415 2160 Ritschelius

264 2190 420 2225 lacunam
446 2189 637 2237 supplevit,
665 2194 803 2225 auctore
830 2189 1018 2226 Gronovio.

363 2254 422 2289 Vs.
452 2255 534 2290 557.

382 2321 483 2365 Cape,
510 2321 636 2356 obsecro
663 2321 774 2356 hercle
800 2324 850 2364 te,
877 2333 945 2355 una
972 2333 1043 2355 cum
1070 2332 1104 2355 eo
1132 2320 1291 2356 iudicem:

266 2385 436 2430 Quoniam
464 2385 582 2428 aedes,
624 2398 706 2431 quas
744 2385 977 2432 Theuropides
1012 2389 1154 2428 emerat,
1195 2386 1354 2421 scelestas
1381 2391 1415 2422 et

1245 2450 1280 2473 ὃ.
