1752 2978
877 344 919 378 11

324 432 493 470 festivitas
517 437 643 482 pereat.
692 433 813 482 Neque
838 447 858 470 a
883 446 933 470 vs.
961 435 1032 470 313
1060 434 1186 470 Actum
1206 433 1297 469 hunc
1328 431 1471 468 initium

324 511 442 546 capere
465 512 565 546 posse
582 500 664 535 satis
690 500 770 534 inde
793 503 889 547 patet
912 500 1003 545 quod
1027 500 1149 542 Scena,
1178 511 1245 534 vss.
1274 498 1470 533 313—347

324 563 580 612 comprehensa,
594 564 783 600 necessario
797 563 894 611 sequi
912 563 1014 600 debet
1030 564 1172 600 Scenam
1189 562 1449 611 praecedentem
1460 590 1470 606 ,

323 628 450 676 quippe
476 642 542 676 qua
566 630 733 666 adventus
759 629 994 665 Callidamatis
1020 633 1054 665 et
1078 628 1368 664 commissationis
1398 629 1472 675 jam

323 693 453 729 mentio
480 694 540 730 fiat
559 696 621 742 (νε.
646 695 735 739 295,
755 696 825 730 296
834 721 845 738 ‚
873 694 1093 741 310—312.)
1121 693 1241 729 Restat
1258 697 1299 729 ut
1317 693 1471 729 dicamus

323 757 364 793 de
395 771 445 795 νε.
479 761 569 803 157,
596 759 656 805 qui
688 772 708 794 a
743 759 920 794 nonnullis
953 759 1046 794 credi
1083 762 1199 805 posset
1236 761 1368 793 rectum
1406 758 1469 793 hu-

319 823 377 870 jus
395 823 502 858 Actus
528 823 670 858 initium
694 823 814 858 facere.
856 822 986 858 Verum
1012 823 1041 857 si
1066 822 1283 858 attendamus
1308 822 1352 858 ad
1369 822 1473 857 verba

323 887 533 922 Philolachis
558 900 608 923 vs.
630 889 713 923 162.
750 888 845 923 Haec
862 887 961 923 illast
987 891 1162 932 tempestas
1183 900 1252 922 mea
1274 899 1364 933 sqq.‚
1389 887 1472 922 haec

321 951 441 986 referri
467 963 538 987 non
561 954 707 999 possunt
739 950 809 986 nisi
842 950 885 987 ad
919 963 960 987 ea
989 963 1075 997 quae
1106 950 1196 986 dixit
1220 964 1271 987 vs.
1299 952 1370 986 108
1397 963 1471 997 sqq.

321 1019 357 1052 et
383 1028 432 1053 vs.
461 1018 544 1053 140.
596 1017 706 1064 Atqui
730 1016 916 1053 absurdum
941 1016 1028 1052 mihi
1054 1016 1190 1052 videtur
1216 1019 1365 1052 statuere
1387 1016 1470 1052 Phi-

320 1081 487 1118 lolachem
524 1081 675 1130 primum
709 1082 931 1129 soliloquium
968 1081 1143 1130 proferre,
1176 1080 1300 1117 deinde
1325 1094 1345 1117 a
1370 1094 1471 1117 scena

320 1147 509 1192 discedere,
536 1151 570 1183 et
595 1151 675 1195 post
687 1150 824 1183 tantum
849 1146 1014 1195 temporis
1039 1147 1279 1191 intervallum,
1304 1150 1471 1193 quantum

320 1212 411 1248 inter
436 1212 522 1249 duos
547 1213 657 1249 Actus
678 1212 884 1261 praeterlabi
915 1215 1065 1249 statuere
1094 1225 1231 1248 necesse
1256 1215 1326 1257 est,
1357 1212 1471 1248 redire

320 1281 355 1314 et
380 1280 455 1313 tum
480 1277 618 1314 demum
642 1277 761 1325 paucis
785 1277 900 1313 verbis
925 1277 1094 1325 explicare
1119 1289 1205 1323 quae
1238 1280 1339 1312 antea
1369 1276 1471 1312 dixit.

319 1341 432 1377 Immo
469 1341 691 1377 manifestum
722 1345 774 1377 est
810 1341 910 1377 illum
948 1341 987 1377 in
1012 1353 1113 1376 scena
1135 1353 1273 1376 manere
1304 1344 1340 1376 et
1365 1340 1471 1376 collo-

319 1406 400 1453 quio
439 1406 583 1443 duarum
621 1406 805 1443 mulierum
842 1406 1024 1450 interesse,
1056 1406 1149 1453 quod
1176 1409 1348 1442 testantur
1373 1405 1474 1453 plura

318 1471 421 1508 verba
446 1484 532 1519 quae
557 1472 730 1519 loquitur,
771 1471 853 1508 dum
892 1471 980 1507 aliae
1017 1471 1118 1507 illum
1156 1484 1227 1507 non
1257 1471 1472 1507 animadver-

318 1540 420 1581 tunt,
453 1541 488 1573 et
518 1537 615 1584 quasi
646 1550 763 1574 earum
789 1537 940 1573 sermoni
965 1536 1160 1585 respondet.
1212 1536 1328 1584 Igitur
1360 1537 1471 1572 multo

319 1602 428 1649 magis
454 1606 719 1639 consentaneum
744 1602 881 1638 videtur
901 1603 989 1638 hanc
1026 1602 1169 1638 Scenam
1194 1602 1269 1638 sine
1294 1602 1470 1638 intermis-

319 1667 416 1703 sione
452 1668 548 1714 sequi
586 1681 625 1704 ea
658 1680 745 1715 quae
775 1681 826 1704 vs.
858 1668 1028 1704 85—156
1065 1671 1297 1716 exponuntur.
1357 1667 1473 1713 Quare

319 1737 457 1768 auctore
482 1733 670 1769 Ritschelio
688 1735 797 1769 Actus
810 1733 916 1781 primi
941 1734 1044 1769 finem
1061 1736 1177 1769 statuo
1195 1746 1247 1769 vs,
1266 1734 1330 1777 83,
1350 1746 1470 1769 secun-

319 1798 356 1832 di
381 1798 522 1833 initium
548 1811 597 1833 vs.
625 1800 684 1834 85.
735 1798 822 1833 Post
847 1798 1105 1834 altercationem
1130 1798 1298 1833 nimirum
1323 1798 1470 1833 duorum

319 1875 494 1899 servorum
535 1863 621 1899 alter
633 1891 649 1908 ,¹
678 1862 844 1908 Grumio,
877 1863 1025 1899 discedit
1048 1876 1159 1910 neque
1184 1863 1222 1899 in
1257 1876 1392 1899 scenam
1418 1876 1470 1899 re·

320 1929 484 1972 vertitur,
525 1941 627 1975 quare
664 1928 747 1964 haec
784 1941 863 1976 pars
901 1928 1037 1964 fabulae
1073 1941 1134 1976 per
1171 1940 1207 1963 se
1245 1928 1396 1975 perfecta
1434 1931 1469 1964 et

319 1993 478 2030 absoluta
501 1997 564 2030 est.
615 1994 737 2041 Neque
763 1993 874 2042 magis
898 1993 976 2030 finis
1009 1993 1150 2029 secundi
1176 1994 1285 2030 Actus
1311 2007 1384 2030 esse
1409 2007 1470 2042 po-

320 2063 389 2094 test
426 2073 477 2095 vs.
515 2061 603 2104 5313
642 2060 752 2095 multo
802 2060 928 2095 rectius
967 2059 1124 2095 finiretur
1172 2072 1223 2096 vs,
1274 2061 1361 2096 430.
1425 2060 1469 2095 In

319 2125 426 2160 Scena
451 2125 543 2161 enim
565 2138 652 2171 quae
677 2125 796 2160 finitur
826 2124 891 2160 hoc
908 2137 1010 2160 versu
1035 2125 1161 2160 Tranio
1179 2125 1319 2160 nuntiat
1345 2125 1470 2160 adven-

319 2194 394 2226 tum
419 2190 647 2238 'Plieuropidis
660 2219 670 2234 ,
698 2190 883 2237 suadetque
909 2191 1168 2238 compotoribus
1201 2195 1241 2226 ut
1271 2191 1381 2237 quieti
1399 2190 1472 2226 sint

319 2268 427 2302 neque
454 2256 564 2291 ullum
590 2256 732 2292 verbum
753 2255 961 2299 mussitent,
985 2255 1060 2303 ipse
1085 2255 1268 2303 pollicetur
1293 2268 1329 2292 se
1354 2269 1471 2291 senem

319 2320 360 2356 ab
405 2320 548 2357 aedibus
592 2321 807 2369 repulsurum
854 2323 890 2356 et
935 2333 1148 2368 quocumque
1192 2321 1294 2357 modo
1342 2321 1472 2370 poterit

319 2385 583 2423 ludificaturum.
636 2386 770 2432 Quodsi
807 2385 882 2423 sine
922 2386 994 2423 ullo
1030 2387 1214 2423 intervallo
1254 2387 1360 2423 Scena
1386 2400 1471 2433 quae
