1752 2978
880 274 925 308 86

326 361 449 396 Vellem
488 365 578 396 recte
615 362 782 406 Bothius,
821 376 884 411 pro
918 376 985 410 quo
1019 362 1100 398 libri
1126 360 1245 404 velina,-
1272 366 1307 397 et
1333 363 1382 398 sic
1405 364 1477 410 jam

320 426 406 473 legit
439 426 615 471 Muretus,
643 427 702 474 qui
730 427 862 464 dictum
890 429 1062 477 eleganter
1088 427 1237 475 explicat
1261 427 1316 463 his
1344 428 1476 464 verbis:

324 509 342 531 η
353 491 409 526 cui
436 491 524 527 male
550 495 585 528 et
611 493 773 529 adversus
799 494 908 530 animi
935 494 1140 530 sententiam
1168 496 1258 537 erat,
1284 506 1365 529 eum
1391 494 1475 529 allo-

319 560 463 601 quentes
487 556 664 592 dicebant:
695 576 714 597 η
726 559 864 603 vellem,
892 572 976 607 quae
993 557 1139 603 velles?
1156 570 1264 605 quum
1282 558 1476 594 indicarent

319 621 435 657 dolere
469 622 558 666 sibi,
586 622 678 669 quod
700 623 754 659 illi
773 624 862 660 male
880 628 969 660 esset
977 639 987 669 3
1015 637 1052 660 ac
1070 624 1099 660 si
1118 623 1289 659 dicerent:
1321 624 1475 663 avellem

319 686 386 722 tibi
421 686 471 722 ita
502 691 610 731 esset,
644 691 685 723 ut
714 691 753 723 tu
780 701 916 736 quoque
943 689 1067 732 velles,
1096 688 1249 735 mihique
1275 700 1375 735 aegre
1401 693 1473 733 est,

319 751 411 797 quod
444 751 511 787 tibi
537 752 725 798 quidquam
751 756 887 800 praeter
914 754 1129 789 voluntatem
1155 757 1250 788 tuam
1276 753 1442 789 evenerit.
1450 753 1474 768 '’

417 816 478 852 Vs.
509 818 578 852 743
606 830 656 864 sq.

318 881 409 916 Erus
422 894 564 927 pereyo-e
576 883 680 918 venit.
699 883 749 918 SI.
771 884 862 918 Tunc·
882 883 958 929 [tibi
975 884 1141 929 actutum]
1161 882 1283 917 chorda
1304 882 1455 918 tenditur
1461 899 1474 925 ;

318 946 406 982 Inde
411 946 654 994 fero-iterium.-
672 951 789 993 postea
810 948 888 995 [Tu.
908 948 977 983 Pol
983 960 1050 993 per
1068 952 1129 983 tua
1148 951 1179 983 te
1192 948 1321 995 q]enua
1335 948 1474 984 obsecro.

319 1011 368 1046 Hi
395 1024 514 1048 versus
540 1012 589 1047 sic
612 1012 729 1047 mutili
755 1013 918 1059 leguntur
943 1013 980 1047 in
1007 1013 1123 1048 codice
1149 1013 1195 1048 B:

317 1076 407 1112 Erus
436 1077 529 1113 venit
548 1089 687 1124 peregre
711 1077 814 1113 venit.
848 1077 898 1113 SI.
926 1078 1016 1113 Tunc
1043 1105 1201 1114 .....
1232 1079 1295 1113 Cor
1324 1078 1476 1115 tenditur

316 1143 404 1178 Inde
417 1143 642 1190 ferr-iterium
662 1147 781 1189 postea
808 1171 1041 1179 .......
1068 1156 1155 1179 enua
1181 1144 1309 1179 obsecro

316 1207 360 1241 In
390 1208 505 1255 priore
543 1221 645 1244 versu
681 1208 828 1244 alterum
859 1210 947 1244 venit
971 1208 1145 1244 abundare
1171 1221 1273 1244 nemo
1300 1208 1368 1244 erit
1390 1208 1474 1254 quin

316 1272 444 1309 videat.
513 1275 576 1309 Cor
621 1273 849 1318 Ritsehelius,
894 1273 1129 1309 Camerarium
1177 1277 1212 1309 et
1256 1273 1474 1309 Gronovium

317 1340 473 1381 secutus,
501 1338 650 1372 mutavit
675 1337 713 1372 in
738 1338 876 1373 chorda.
915 1336 1052 1373 chorda
1077 1339 1240 1381 tenditur,
1275 1337 1475 1384 metaphora

318 1404 370 1436 est
407 1401 518 1448 petita
552 1414 572 1437 a
610 1401 800 1448 sagittariis
840 1401 898 1448 qui
934 1401 1043 1437 telum
1073 1401 1213 1437 missuri
1239 1401 1388 1438 tendunt
1421 1415 1473 1438 ar-

316 1479 393 1501 cum
402 1482 413 1510 ,-
433 1466 604 1512 significat
622 1467 749 1513 igit-ur:
779 1485 797 1506 n
809 1466 875 1502 tibi
893 1466 1127 1502 infortunium
1146 1466 1319 1502 imminet.
1327 1465 1350 1481 ’'
1373 1466 1473 1502 Com—

315 1530 415 1565 mode
453 1530 664 1566 Ritschelius
697 1530 849 1578 explevit
887 1543 1024 1566 versum
1054 1530 1230 1566 addendo:
1268 1531 1360 1570 ,stibi
1382 1538 1473 1566 actu-

314 1594 426 1631 tum.'’
459 1596 683 1632 Ferriterium
713 1599 785 1632 erat
811 1596 923 1640 locus,
953 1595 1013 1632 ubi
1040 1596 1131 1631 servi
1157 1596 1380 1644 compedibus
1406 1597 1472 1632 fer-

315 1660 383 1695 reis
410 1660 519 1695 vincti
543 1660 817 1696 asservabantur.
850 1661 936 1696 Post
959 1660 1024 1696 hoc
1049 1660 1110 1695 alii
1135 1660 1317 1709 supplent:
1353 1666 1472 1710 [spost-

314 1738 353 1762 ea
378 1731 469 1762 recta
493 1727 530 1761 in
554 1725 730 1768 crucem'’;
757 1738 862 1773 quum
892 1731 1007 1762 autem
1034 1726 1168 1762 Simoni
1194 1726 1232 1761 in
1249 1726 1366 1762 animo
1383 1707 1474 1763 esset

315 1804 412 1825 servo
439 1791 557 1837 gravia
583 1792 700 1826 omnia
724 1791 898 1835 minitari,
926 1791 1038 1826 multo
1064 1792 1229 1838 majorem
1248 1794 1414 1826 terrorem
1440 1792 1472 1827 ei

314 1856 430 1902 injicit
456 1856 651 1904 aposiopesi
677 1869 778 1900 usuS‚
807 1869 873 1903 qua
899 1856 1105 1892 Tranionem
1133 1856 1240 1891 animi
1267 1856 1472 1903 pendentem

313 1921 408 1956 facit.
454 1921 566 1966 Quam
607 1921 651 1957 ob
684 1934 755 1957 rem
783 1922 873 1957 malo
900 1925 979 1969 post
1005 1921 1148 1957 verbum
1172 1926 1289 1969 postea
1314 1921 1471 1968 abrumpi

313 1998 517 2022 sermonem.
557 1986 684 2022 Tranio
711 1986 912 2022 medullitus
938 1986 1202 2034 perterrefactus
1228 1997 1339 2032 genua
1362 1986 1471 2021 Simo-

313 2051 367 2086 nis
394 2052 615 2099 amplectitur
632 2064 778 2098 eumque
797 2052 968 2095 obsecrat,
996 2064 1040 2087 ne
1058 2064 1094 2086 se
1112 2050 1243 2086 indicet
1260 2050 1341 2086 hero
1351 2066 1362 2095 5
1381 2052 1471 2098 quod

314 2116 474 2164 colligere
504 2117 586 2153 licet
612 2131 630 2153 e
657 2118 815 2164 vestigiis
842 2117 937 2153 verbi
961 2129 1070 2165 yenua
1094 2116 1131 2151 in
1155 2116 1270 2151 codice
1298 2116 1421 2154 obviis.

411 2182 472 2217 Vs.
503 2183 584 2218 747.

408 2246 508 2281 Nunc
532 2248 609 2290 hoc,
637 2248 725 2293 quod
749 2248 795 2281 ad
820 2252 851 2282 le
878 2251 990 2282 noster
1016 2260 1064 2282 me
1090 2247 1180 2282 misit
1206 2260 1320 2291 senex,

315 2310 398 2345 Post
425 2310 515 2346 hune
541 2324 677 2346 versum
705 2311 835 2357 aliquid
863 2310 1029 2346 excidisse
1051 2311 1106 2346 vix
1128 2312 1375 2355 dubitandum5
1400 2325 1468 2347 ma-
