1752 2978
857 246 899 279 80

402 335 462 370 Vs.
490 336 576 370 652.

403 400 544 435 Absolve
568 400 656 434 hunc
682 412 820 445 quaeso,
848 400 971 435 vomitu
999 412 1039 434 ue
1064 399 1117 434 liic
1146 411 1203 433 ηας»
1230 402 1351 434 enecet.

304 464 372 499 Hic
398 476 516 499 versus
542 464 645 510 vulgo
672 463 820 510 legitur:

375 531 515 565 Absolve
539 531 643 573 lium,
671 542 807 576 quaeso,
836 531 1011 573 vomitum,
1041 542 1081 565 ne
1106 530 1160 564 hic
1187 542 1246 564 nos
1271 532 1392 564 enecet.

303 595 387 640 quid
424 599 540 630 autem
579 595 749 640 significet
785 613 802 633 η
811 596 899 630 solve
925 596 1081 629 vomitum
1092 593 1126 637 '’,
1163 594 1323 639 equidem
1349 593 1461 628 fateor

304 673 359 695 me
394 672 465 695 non
491 659 697 706 intelligere.
746 660 883 695 Vomere
909 660 1001 695 enim
1028 659 1166 707 proprie
1185 658 1313 694 dicitur
1340 658 1381 693 de
1400 671 1461 701 eo,

304 725 363 771 qui
398 724 491 760 levat
529 725 744 760 stomachum
780 724 856 760 cibo
885 724 939 759 vel
965 727 1050 771 potu
1086 736 1319 771 supervacu03
1356 726 1462 757 meta-

303 789 442 836 phorice
460 789 502 824 de
520 801 579 833 eo,
608 789 667 835 qui
693 789 830 837 probris
857 793 892 824 et
919 789 1084 825 conviciis
1110 788 1259 835 aliquem
1287 787 1464 835 adspergit

304 855 379 890 Hac
388 855 640 901 significatione
653 867 723 890 non
738 855 860 890 dubito
874 867 951 890 cum
963 854 1153 890 Ritschelio
1167 853 1317 901 recipere
1327 856 1463 888 acutam

303 920 423 955 Bothii
450 920 698 967 conjecturam:
728 923 880 960 ''vomitu
905 933 947 956 ne
959 921 1013 956 hic
1038 933 1097 955 nos
1124 926 1229 956 enecet
1239 918 1259 934 '’
1261 947 1271 963 ‚
1293 919 1316 955 i.
1336 932 1366 955 e.
1397 932 1464 959 nne

304 986 452 1020 convicia
464 997 526 1019 cua
541 986 578 1019 in
595 998 654 1020 nos
671 984 835 1021 evomat.''
863 984 998 1020 Littera
1013 998 1047 1019 m
1073 984 1185 1020 finalis
1199 997 1298 1032 saepe
1324 984 1461 1019 omissa.

405 1049 465 1084 Vs.
493 1051 564 1084 662
593 1062 643 1095 sq.

430 1141 737 1150 .........
765 1126 820 1150 ΤΒ.
852 1115 943 1153 Quid
965 1128 1020 1161 eqo
1047 1127 1137 1150 nunc
1161 1128 1277 1160 aqam,

416 1180 496 1215 Nisi
520 1184 560 1215 ut
585 1180 623 1214 in
649 1180 794 1215 vicinum
819 1181 908 1215 bunc
925 1193 1127 1226 promumum
1152 1181 1235 1227 [rem
1253 1180 1460 1228 conferam}

303 1246 386 1280 Rem
423 1246 596 1291 conferam
634 1245 845 1280 Ritschelius
885 1245 981 1280 dedit
1018 1257 1080 1292 pro
1115 1245 1283 1280 librorum
1314 1244 1462 1280 lectione

303 1310 527 1353 mendacium,
569 1309 661 1355 quod
698 1322 715 1344 e
754 1309 905 1356 proximi
945 1322 1062 1345 versus
1093 1310 1159 1345 fine
1193 1310 1260 1345 huc
1285 1309 1462 1356 irrepsisse

303 1377 415 1421 putat.
474 1374 660 1421 Vulgatam
695 1374 883 1410 Lambinus
918 1374 1066 1422 explicat
1096 1374 1322 1421 intelligendo
1348 1375 1461 1421 confe-

303 1453 388 1475 ram.
426 1439 521 1475 Dura
547 1438 697 1486 ellipsis,
726 1452 811 1486 quae
837 1452 880 1475 ne
906 1443 1026 1487 aptum
1054 1439 1193 1486 quidem
1218 1439 1361 1487 praebet
1386 1452 1461 1475 sen-

303 1518 396 1548 sum,
435 1517 515 1540 nam
554 1509 746 1540 convertere
780 1505 986 1540 mendacium
1016 1505 1054 1540 iu
1091 1505 1237 1551 aliquem
1273 1505 1327 1540 vel
1355 1505 1463 1540 dicere

301 1573 367 1605 cet.
405 1569 596 1617 significat,
623 1570 773 1616 aliquem
800 1570 1006 1614 mendaciis,
1034 1570 1131 1605 falsis
1159 1569 1462 1605 criminationibus

301 1637 437 1682 petere,
469 1634 684 1670 calumniari.
737 1635 853 1679 Quare
883 1634 1062 1682 probabile
1089 1638 1142 1670 est
1168 1635 1232 1670 hoc
1259 1634 1461 1670 vocabulum

302 1698 420 1734 fraude
446 1698 583 1734 illatum
609 1711 693 1734 esse.

402 1763 464 1799 Vs.
493 1765 578 1799 665.

404 1829 558 1864 Calidum
583 1830 694 1865 hercle
719 1830 836 1865 audivi
861 1842 929 1866 esse
954 1833 1122 1875 optumum
1148 1830 1367 1865 mendacium.

306 1893 465 1930 Calidum
484 1895 695 1930 mendacium
714 1894 738 1930 i.
754 1907 783 1930 e.
796 1907 931 1938 recena,
954 1897 1153 1942 extempore
1166 1897 1306 1937 natum,
1331 1894 1460 1929 Graece

301 1955 444 2004 θερμόν.
477 1958 530 1995 Cf.
558 1959 636 1995 Mil.
664 1959 720 1995 II:
750 1962 790 1995 2:
821 1961 877 1996 73.
910 1959 999 1996 Cedo
1024 1959 1173 1995 calidum
1192 1959 1366 1994 consilium
1384 1960 1458 1994 cilo.

400 2024 461 2061 Vs.
490 2026 574 2061 667.

394 2090 563 2136 Quicquid
586 2091 704 2125 dehine
731 2091 855 2134 dicam,
885 2104 974 2125 nuuc
1000 2091 1038 2124 id
1062 2094 1222 2125 certumst
1247 2090 1366 2125 dicere.

301 2154 415 2201 Vulgo
441 2154 587 2201 legitur:

390 2218 563 2265 Quidquid
586 2220 640 2254 dei
665 2220 799 2263 dieunt,
827 2220 865 2254 id
889 2221 1088 2255 decretumst
1113 2220 1235 2263 dicere,

302 2283 354 2317 vel
383 2283 489 2329 (Edit.
517 2283 566 2317 Le
593 2283 732 2329 Maire).
