1752 2978
842 325 909 360 117

300 414 384 450 idem
422 413 527 458 illi,''
559 415 654 450 nullo
681 415 781 450 modo
808 428 885 451 cum
912 428 961 450 vs.
983 416 1076 449 1085
1096 414 1291 456 cohaerere,
1318 412 1449 447 nemini

301 480 427 514 nonin
452 480 568 515 oculos
593 480 755 516 incurrat.
808 480 901 525 Quid
928 480 1021 515 enim
1047 482 1099 514 est
1124 479 1218 514 istud
1244 476 1358 513 idem?
1380 490 1451 512 non

301 548 415 592 potest
439 545 503 580 hoc
519 545 638 581 referri
655 545 698 581 ad
715 545 818 581 verba
835 545 1063 592 Theuropidis
1081 557 1130 580 vs,
1152 546 1246 579 1084
1265 557 1315 590 sq.
1343 542 1452 578 Valde

301 609 393 644 enim
429 609 629 656 languidum
667 610 756 645 foret
782 623 814 645 V.
841 623 870 645 c.
898 610 1027 645 dicere:
1072 627 1090 648 n
1105 610 1153 644 Tu
1168 610 1238 656 fae
1263 611 1337 652 boc,
1365 609 1451 644 idem

302 673 362 709 tibi
384 672 494 717 dixi,''
526 673 556 709 si
588 685 698 708 sermo
730 673 874 709 habetur
900 673 943 709 ad
968 685 1072 709 unam
1099 673 1307 720 eandemque
1332 686 1448 721 perso-

301 750 396 782 nam,
436 742 476 774 ut
513 739 577 774 hoc
613 739 700 774 loco.
754 738 889 784 Quibus
928 751 969 774 ex
995 739 1096 774 rebus
1123 739 1267 774 efficitur
1292 740 1449 774 lacunam

302 802 358 837 hic
383 803 600 838 statuendam
624 815 707 837 esse.

402 866 462 902 Vs.
491 868 749 902 1089—1093.

302 930 367 965 ΤΗ.
401 931 474 965 Dat
496 932 665 978 profecto.
700 931 764 966 ΤΒ.
797 930 888 974 Quin
915 931 984 965 cita
1007 931 1105 965 illum
1130 932 1167 965 in
1184 931 1248 966 ius.
1268 931 1335 974 ibo,
1362 932 1451 966 inve—

451 995 551 1031 niam.
587 995 653 1031 ΤΗ.
681 996 805 1031 Mane.-

303 1059 483 1103 Ewperiar,
502 1064 541 1095 ut
560 1060 686 1105 opinor.
709 1064 880 1096 certumst.
902 1060 964 1096 Tu.
980 1061 1086 1095 Immo
1100 1061 1180 1102 mihi
1193 1060 1351 1096 bominem
1365 1062 1450 1096 cedo.

308 1122 368 1159 Vel
400 1124 558 1160 bominem
583 1124 656 1161 iube
680 1125 853 1171 mancupio
879 1125 973 1161 aedis
990 1139 1142 1171 poscere.
1195 1126 1261 1162 ΤΗ.
1289 1126 1361 1161 Hoc¹
1374 1127 1451 1172 pri-

450 1202 536 1223 mum
561 1190 654 1232 volo,

307 1252 498 1291 Quaesitioni
523 1253 669 1299 accipere
693 1265 814 1289 servos.
844 1253 907 1289 ΤΒ.
935 1253 1144 1289 Faciundum
1170 1255 1284 1299 edepol
1307 1267 1428 1290 censeo.

303 1318 370 1352 ΤΗ.
415 1318 507 1360 Quid
537 1318 658 1362 iqitur,
687 1319 717 1353 si
741 1331 796 1363 eqo
821 1330 987 1353 accersam
1013 1317 1185 1353 homines?
1225 1319 1288 1353 ΤΕ.
1316 1320 1455 1353 Factum

452 1382 519 1418 iam
544 1395 612 1419 esse
636 1383 796 1429 oportuit.

305 1447 380 1482 Hos
419 1460 535 1483 versus
573 1448 689 1495 paullo
728 1448 829 1483 aliter
867 1448 989 1495 legunt
1013 1448 1166 1484 Weisius
1192 1451 1228 1483 et
1252 1447 1302 1483 Le
1328 1448 1455 1492 Maire3

304 1525 426 1560 nempe
451 1525 502 1548 vs,
530 1514 625 1548 1089
654 1513 720 1548 sic:

407 1578 495 1615 Quin
520 1583 554 1613 et
578 1578 676 1613 illum
701 1578 739 1612 in
763 1579 817 1612 ius
842 1579 916 1613 iube
941 1578 1002 1613 ire.
1055 1578 1122 1613 ΤΗ.
1148 1578 1223 1612 Iam
1249 1591 1355 1613 mane.

306 1642 479 1687 Quorsum
517 1645 632 1677 autem
669 1642 884 1678 referendum
924 1642 1066 1679 verbum
1104 1655 1215 1687 mane,
1252 1643 1281 1678 si
1307 1655 1377 1679 non
1404 1648 1456 1679 est

305 1720 415 1743 sermo
442 1708 483 1743 de
509 1708 628 1744 abitu?
655 1708 697 1744 de
723 1721 790 1754 quo
817 1712 933 1743 tamen
959 1708 998 1743 in
1018 1708 1132 1743 verbis
1155 1708 1336 1743 Tranionis
1354 1709 1454 1744 nihil.

305 1771 480 1808 Mutemus
507 1772 615 1819 igitur
640 1785 718 1808 cum
745 1772 953 1808 Ritschelio:

448 1837 540 1882 Quin
564 1839 631 1873 cita
656 1839 755 1873 illum
780 1838 818 1873 in
843 1839 908 1874 ius.
936 1839 1005 1882 ibo,
1034 1838 1202 1873 inveniam
1227 1841 1291 1873 cet.

303 1903 359 1937 Ita
393 1915 510 1937 sensus
536 1903 634 1938 valde
659 1903 847 1938 concinnus
873 1905 942 1938 est:
969 1902 1097 1949 quippe
1122 1902 1267 1945 Tranio,
1296 1905 1452 1937 metuens

303 1980 465 2015 poenam,
493 1967 530 2002 in
556 1967 708 2003 animum
734 1967 870 2004 inducit
895 1967 1007 2011 abire,
1035 1967 1126 2013 quod
1144 1970 1255 2001 tamen
1275 1979 1318 2002 ne
1336 1966 1452 2002 subit-0

302 2032 421 2076 faciat,
461 2046 546 2068 neve
571 2033 728 2069 videatur
754 2033 791 2068 in
817 2036 912 2069 metu
937 2032 1082 2076 versari,
1109 2035 1323 2079 praetextum
1350 2044 1451 2078 quae-

303 2098 350 2133 rit
387 2098 552 2142 abeundi‚
592 2098 727 2135 dicens:
774 2099 870 2142 vibo,
910 2096 1106 2133 inveniam”
1146 2097 1219 2133 scil.
1257 2097 1451 2141 Simonem;

304 2163 429 2208 quibus
456 2163 569 2198 verbis
594 2176 686 2198 nunc
710 2166 788 2210 apte
805 2162 989 2209 respondet
1006 2161 1257 2208 Theuropides:
1289 2161 1452 2206 amane&

303 2226 442 2262 nolebat
479 2227 572 2262 enim
609 2240 743 2263 servum
781 2227 897 2271 abire,
926 2226 1006 2273 quia
1032 2226 1081 2261 sic
1107 2225 1205 2260 illum
1232 2226 1356 2273 punire
1382 2239 1453 2263 non

303 2295 429 2339 posset.
480 2291 540 2327 Vs.
569 2293 663 2327 1090
692 2292 795 2328 Immo
821 2295 912 2327 recte
937 2293 1105 2326 insertum
1131 2294 1271 2337 propter
1293 2295 1452 2327 metrum.

304 2357 364 2394 Vs.
403 2359 494 2393 1091
531 2357 654 2393 melius
680 2357 744 2393 hoc
770 2357 845 2408 loco
872 2356 1000 2404 legitur
1026 2369 1127 2403 quam
1155 2359 1234 2404 post
1260 2369 1310 2393 vs,
1340 2359 1453 2401 1092,
