1752 2978
846 327 888 361 81

386 414 557 462 Quidquid
580 416 633 451 dei
658 416 791 461 dieunt,
819 417 857 452 id
880 421 1037 453 rectumst
1063 418 1181 453 dicere.

296 479 390 523 Quid
415 481 482 516 sibi
509 481 593 516 velit
616 481 823 517 Ritschelius
841 495 918 518 cum
936 483 999 517 hac
1017 483 1229 526 mutatione,
1258 483 1347 517 facta
1366 494 1446 517 con—

295 549 348 580 tra
374 545 474 598 fidem
496 546 652 583 omnium
678 547 852 592 codicum,
880 547 1039 594 equidem
1063 560 1134 583 non
1160 548 1335 595 intelligo,
1364 560 1448 594 quo—

295 611 387 646 niam
420 615 563 657 utraque
593 612 694 647 lectio
717 612 804 647 bene
831 612 1011 655 sehabet,
1041 613 1164 647 melius
1189 617 1303 647 autem
1330 613 1448 648 altera.

294 674 419 710 Tranio
454 676 492 710 in
518 675 667 711 maximo
696 679 791 711 metu
816 679 971 711 versatur
997 688 1059 719 ne,
1088 676 1117 710 si
1144 676 1308 719 haesitet,
1336 676 1448 712 Theu-

295 740 432 787 ropides
451 753 587 775 omnem
604 753 676 775 rem
696 740 870 783 resciscat,
891 740 1036 785 ideoque
1054 740 1196 776 deorum
1210 741 1448 777 admonitione

295 808 329 839 et
365 804 534 840 instinctu
571 805 669 848 fisus,
709 818 747 840 ea
779 804 890 840 dicere
918 817 953 840 se
979 805 1067 840 velle
1092 805 1240 849 fatetur,
1268 818 1354 852 quae
1379 805 1447 841 sibi

295 869 469 905 dubitanti
497 873 693 917 extempore
719 873 963 916 suggerantur,
993 882 1097 915 eaque
1117 874 1208 905 recte
1226 870 1319 905 dicta
1337 874 1448 917 putat.

392 934 453 969 Vs.
482 934 527 970 67
531 935 565 969 0.

469 1000 557 1035 Tuus
581 999 660 1035 emit
685 999 777 1035 aedis
793 1000 906 1047 filius.
947 999 1013 1035 ΤΗ.
1040 1000 1164 1034 Bonan
1182 997 1281 1047 fide?

295 1064 431 1099 Bonan'
447 1062 548 1113 fide?
581 1063 689 1099 Ludit
714 1068 817 1112 poeta
841 1065 879 1099 in
897 1064 1076 1111 ambiguo,
1103 1064 1204 1099 aliter
1223 1064 1315 1099 enim
1333 1065 1446 1111 loqui-

295 1133 352 1165 tur
384 1141 505 1172 senex,
533 1129 632 1164 aliter
657 1142 774 1165 servus
800 1130 1035 1175 quaestionem
1062 1129 1242 1176 intelligit.
1296 1129 1446 1165 Theuro-

295 1193 393 1241 pides
419 1194 484 1229 hoc
510 1194 603 1229 vult:
625 1212 643 1234 u
652 1207 687 1229 re
706 1195 826 1237 vera?‚
847 1193 1049 1237 serione?''‚
1069 1206 1187 1229 servus
1206 1198 1322 1230 autem
1341 1194 1447 1229 simu-

295 1258 345 1293 lat
370 1271 405 1294 se
431 1259 600 1306 accipere,
635 1259 732 1305 quasi
758 1272 861 1294 senex
886 1259 1011 1294 vellet:
1040 1278 1057 1298 η
1070 1263 1186 1294 utrum
1213 1259 1312 1295 dolus
1339 1260 1448 1294 malus

295 1323 333 1358 in
359 1323 499 1358 aedibus
526 1323 714 1359 vendendis
739 1323 916 1359 adhibitus
942 1327 1032 1358 esset
1053 1336 1096 1358 an
1115 1323 1205 1359 bona
1223 1323 1354 1367 fides,'’
1382 1324 1446 1359 ita-

297 1400 361 1433 que
387 1387 590 1435 respondet:
619 1389 679 1427 usi
698 1394 874 1435 aryentum
899 1389 1093 1423 redditurus
1118 1401 1167 1432 es,
1192 1389 1363 1436 bonafide
1382 1401 1448 1424 em-

296 1458 349 1488 tae
374 1458 471 1488 erunt
494 1451 631 1488 aedes.”

396 1517 457 1554 Vs.
486 1519 570 1554 675.

413 1585 523 1630 Atque
547 1596 644 1618 evoca
670 1583 814 1630 aliquem
839 1585 902 1619 huc
929 1584 1022 1619 intus
1047 1585 1094 1619 ad
1120 1588 1168 1627 te,
1201 1584 1335 1619 Tranio.

297 1648 406 1691 Intus,
435 1648 458 1683 i.
486 1661 515 1683 e.
543 1661 584 1683 ex
609 1648 762 1683 aedibus.
815 1647 867 1683 Cf.
896 1648 1022 1695 Amph.
1052 1648 1108 1683 II:
1138 1650 1178 1683 2:
1207 1650 1289 1683 148.

468 1712 570 1747 Intus
585 1716 744 1757 pateram
766 1713 923 1759 prqf'erbo
938 1714 1059 1759 foras.

296 1776 395 1812 Asin.
423 1776 502 1812 III:
532 1779 570 1811 2:
598 1778 656 1812 39.

467 1841 661 1877 Phileuium
688 1845 778 1876 estne
801 1842 901 1885 haee,
929 1853 1013 1888 quae
1039 1841 1133 1876 intus
1158 1841 1239 1877 emit.

298 1906 383 1942 Cist.
411 1906 486 1942 III:
516 1908 549 1942 8.

468 1971 550 2015 Die,
577 1983 626 2007 me
651 1983 768 2015 orare,
795 1975 835 2006 ut
860 1970 984 2017 aliquis
1009 1971 1103 2006 intus
1125 1972 1280 2016 prodeat.

226 2073 228 2075 ,
296 2037 395 2085 plura
424 2037 579 2085 exempla
604 2037 707 2084 hujus
733 2049 816 2072 usus
842 2049 871 2072 e·
887 2036 1004 2072 Plauti
1031 2037 1156 2075 fabulis
1183 2037 1322 2083 collegit
1351 2036 1446 2071 Han-

297 2102 374 2137 dius
401 2102 439 2137 in
463 2102 608 2137 Tursell.
636 2101 715 2137 III:
741 2114 818 2148 pag.
846 2103 931 2136 445.

395 2166 455 2203 Vs.
484 2168 567 2203 683.

297 2231 383 2267 Abit
408 2232 653 2279 Theuropides.

395 2296 455 2332 Vs.
484 2297 567 2333 688.

450 2362 539 2397 Dum
566 2363 647 2397 mibi
672 2366 823 2397 senatum
850 2363 975 2398 consili
996 2364 1031 2398 in
1059 2375 1114 2397 eor
1141 2374 1291 2396 convoco.

1280 2428 1293 2447 ὅ
