1752 2978
864 279 906 311 50

305 368 379 415 phii
420 367 528 402 multo
568 367 677 414 magis
715 371 766 403 est
798 368 833 403 id
859 368 959 404 illum
986 380 1121 416 rogare,
1158 381 1225 414 quo
1253 369 1378 405 certior
1404 372 1462 406 fiat

306 446 349 467 an
393 433 458 468 it'er
499 432 552 467 illi
590 436 713 468 notum
752 433 809 468 sit.
884 433 914 467 E
960 433 1085 479 quibus
1124 433 1279 478 sequitur
1318 434 1460 469 verbum

304 499 370 533 scio
408 497 626 533 Callidamati
658 498 880 534 tribuendum
908 511 999 542 esse,
1040 497 1095 533 cui
1127 498 1293 534 nimirum
1330 498 1460 542 oblito,

305 563 365 599 ubi
400 567 489 598 esset
519 564 573 599 vel
610 576 677 610 quo
715 563 800 607 iret,
847 564 1047 610 quaestione
1085 563 1225 611 Delphii
1260 564 1296 599 iu
1332 577 1460 600 memo-

305 628 392 663 riam
418 631 622 663 revocantur
648 628 774 663 omnia.
827 628 930 673 Quod
956 628 1083 663 attinet
1113 628 1156 663 ad
1187 641 1237 664 vs.
1266 630 1336 663 335
1366 629 1461 664 istud

306 693 401 727 immo
435 692 657 728 tribuendum
688 696 739 727 est
765 693 925 740 Delphio.
975 693 1215 729 Callidamates
1238 694 1330 729 enim
1358 695 1460 729 modo

307 758 440 793 dixerat
471 759 535 804 (vs.
572 759 677 804 313),
715 770 750 792 se
786 758 835 792 ire
857 757 944 792 velle
975 758 1019 793 ad
1055 757 1310 801 Philolachem,
1350 771 1460 804 neque

306 836 399 858 more
423 823 603 859 hominum
630 823 803 859 ebriorum
831 823 1033 858 meminerat
1060 836 1145 869 quae
1168 823 1331 868 dixisset,
1358 836 1461 870 quare

306 888 491 935 Delphium
531 889 635 923 dicit:
677 901 746 923 non
785 888 926 923 domum
965 888 1011 931 is,
1050 901 1168 923 verum
1194 890 1280 931 lane,
1308 888 1332 923 i.
1361 902 1390 923 e.
1417 889 1460 923 ad

307 954 559 998 Philolachem,
599 954 697 1001 cujus
743 957 823 989 ante
861 953 960 989 aedes
1000 953 1081 989 haec
1120 953 1234 989 omnia
1274 953 1330 1000 agi
1371 954 1457 989 mihi

306 1019 444 1066 quidem
479 1023 635 1067 apertum
670 1019 817 1054 videtur.
858 1019 1051 1054 Particulae
1083 1020 1186 1053 immo
1222 1019 1258 1054 in
1285 1020 1460 1066 responsis

307 1084 507 1131 plerumque
530 1097 603 1119 esse
629 1085 831 1120 adversandi
857 1083 944 1128 vim,
964 1096 1030 1130 qua
1048 1084 1101 1119 vel
1119 1088 1283 1131 augeatur
1302 1084 1385 1130 quid
1403 1084 1457 1120 vel

305 1149 512 1196 corrigatur,
552 1149 606 1184 vel
645 1150 749 1184 etiam
775 1149 876 1196 plane
902 1152 1098 1196 opponatur
1124 1150 1298 1196 prioribus
1325 1150 1459 1193 verbis,

307 1227 407 1249 nemo
434 1214 554 1250 nescit.

405 1280 466 1315 Vs.
495 1281 579 1315 338.

390 1346 464 1379 Iam
492 1348 656 1380 revortar.
684 1356 830 1379 PHILEM.
858 1345 962 1379 Diust
988 1345 1054 1379 iam
1084 1345 1208 1391 [tuum]
1239 1346 1275 1379 id
1299 1346 1392 1380 mibi.

309 1410 528 1445 Hermannus
554 1409 645 1444 hunc
671 1421 806 1444 versum
833 1409 882 1443 sic
909 1408 1029 1444 scribit

414 1475 488 1510 Iam
516 1479 680 1510 revortar.
708 1485 855 1510 PHILEM.
882 1475 957 1509 diu-
984 1478 1034 1510 est
1058 1477 1141 1510 iam·
1170 1475 1207 1510 id
1229 1476 1323 1511 mihi.

307 1542 348 1576 de
375 1554 441 1587 quo
460 1540 617 1586 equidem
636 1552 713 1574 cum
731 1539 852 1574 Brixio
872 1540 1027 1585 (Quaest.
1047 1540 1144 1575 Pros.
1164 1553 1197 1587 p.
1218 1542 1277 1587 50)
1298 1541 1458 1576 dubitan-

307 1618 387 1652 qum
414 1610 518 1652 puto,
546 1608 685 1652 propter
712 1604 797 1639 duos
823 1604 954 1647 hiatus,
983 1616 1068 1650 quos
1087 1604 1303 1640 offendimus.
1345 1605 1460 1651 Igitur

307 1672 394 1707 facio
429 1684 507 1706 cum
534 1671 723 1706 Ritschelio
750 1671 921 1706 inserente
949 1675 1041 1705 tuum
1068 1674 1102 1705 et
1128 1671 1262 1717 legente
1287 1672 1373 1715 iam,
1402 1685 1458 1707 su-

307 1737 399 1771 blata
433 1736 589 1771 diaeresi.
647 1735 807 1770 Ceterum
846 1735 956 1770 multo
991 1735 1183 1783 simplicius
1210 1736 1295 1771 mihi
1323 1736 1459 1772 videtur

307 1815 424 1837 versus
469 1802 662 1837 336-340
713 1804 748 1836 et
786 1802 857 1836 342
898 1813 969 1837 esse
1007 1801 1149 1837 creticos
1196 1805 1332 1838 tetram.
1371 1805 1456 1845 cat.‚

308 1879 410 1913 quam
450 1880 526 1902 cum
565 1866 754 1902 Ritschelio
797 1869 947 1901 statuere
987 1879 1044 1901 eos
1081 1867 1291 1914 compositos
1330 1880 1402 1902 esse
1441 1881 1459 1903 e

308 1933 455 1967 dimetro
482 1932 607 1967 cretico
634 1935 668 1968 et
694 1931 846 1979 tripodia
871 1931 1061 1976 trochaica;
1089 1945 1139 1968 vs.
1168 1933 1237 1968 340
1266 1936 1380 1968 tamen
1400 1946 1458 1968 ne-

308 2010 400 2032 cesse
426 2000 478 2032 est
503 1997 674 2044 legamus:
699 1996 841 2032 omnium
866 1996 1044 2033 hominum.
1207 1991 1212 1997 ’

406 2061 467 2097 Vs.
496 2062 580 2096 342.

439 2126 532 2161 Unde
557 2126 630 2172 ayss
656 2126 714 2161 te?
740 2137 838 2161 CALL.
873 2126 965 2161 Unde
990 2127 1082 2161 bomo
1108 2127 1215 2162 ebrius
1234 2128 1345 2172 probe.

308 2191 522 2226 Vocabulum
541 2192 646 2236 probe
671 2191 775 2237 vulgo
802 2203 979 2238 perperam
1005 2191 1220 2227 tribuebatur
1246 2192 1457 2234 Philolachi,

307 2256 367 2302 qui
382 2256 411 2290 si
426 2256 493 2291 isto
505 2256 609 2291 verbo
624 2260 797 2300 uteretur,
818 2256 1023 2303 approbaret
1040 2256 1299 2291 Callidamatem
1326 2256 1460 2291 ebrium

306 2334 379 2356 esse
406 2323 444 2356 et
459 2321 575 2357 venire
594 2335 611 2356 e
629 2322 723 2366 loco,
751 2321 842 2357 unde
867 2322 970 2357 homo
997 2321 1111 2357 ebrius
1138 2322 1226 2357 solet
1244 2321 1378 2364 venire,
1402 2321 1459 2356 i.e.
