<?xml version="1.0" encoding="UTF-8"?>
<!DOCTYPE html PUBLIC "-//W3C//DTD XHTML 1.0 Transitional//EN"
    "http://www.w3.org/TR/xhtml1/DTD/xhtml1-transitional.dtd">
<html xmlns="http://www.w3.org/1999/xhtml" xml:lang="en" lang="en">
 <head>
  <title>
</title>
<meta http-equiv="Content-Type" content="text/html;charset=utf-8" />
  <meta name='ocr-system' content='tesseract 3.04.00' />
  <meta name='ocr-capabilities' content='ocr_page ocr_carea ocr_par ocr_line ocrx_word'/>
</head>
<body>
  <div class='ocr_page' id='page_1' title='image "4737243_0120.png"; bbox 0 0 1752 2978; ppageno 0'>
   <div class='ocr_carea' id='block_1_1' title="bbox 859 248 928 282">
    <p class='ocr_par' dir='ltr' id='par_1_1' title="bbox 859 248 928 282">
     <span class='ocr_line' id='line_1_1' title="bbox 859 248 928 282; baseline 0 -1"><span class='ocrx_word' id='word_1_1' title='bbox 859 248 928 282; x_wconf 82' lang='lat'>108</span> 
     </span>
    </p>
   </div>
   <div class='ocr_carea' id='block_1_2' title="bbox 303 336 1464 2334">
    <p class='ocr_par' dir='ltr' id='par_1_2' title="bbox 310 336 1464 643">
     <span class='ocr_line' id='line_1_2' title="bbox 313 336 1463 384; baseline 0.003 -14"><span class='ocrx_word' id='word_1_2' title='bbox 313 336 453 380; x_wconf 78' lang='lat' dir='ltr'>Quaest.</span> <span class='ocrx_word' id='word_1_3' title='bbox 494 336 593 371; x_wconf 86' lang='lat' dir='ltr'>Rom.</span> <span class='ocrx_word' id='word_1_4' title='bbox 634 349 707 384; x_wconf 86' lang='lat' dir='ltr'>cap.</span> <span class='ocrx_word' id='word_1_5' title='bbox 741 338 798 371; x_wconf 88' lang='grc'>18.</span> <span class='ocrx_word' id='word_1_6' title='bbox 851 337 925 373; x_wconf 91' lang='lat' dir='ltr'>Alii</span> <span class='ocrx_word' id='word_1_7' title='bbox 951 338 1111 382; x_wconf 52' lang='lat' dir='ltr'>Herculis</span> <span class='ocrx_word' id='word_1_8' title='bbox 1136 341 1306 384; x_wconf 76' lang='lat' dir='ltr'>quaestum</span> <span class='ocrx_word' id='word_1_9' title='bbox 1333 337 1463 373; x_wconf 83' lang='lat' dir='ltr'>dict-um</span> 
     </span>
     <span class='ocr_line' id='line_1_3' title="bbox 311 400 1464 450; baseline 0.003 -15"><span class='ocrx_word' id='word_1_10' title='bbox 311 400 450 444; x_wconf 87' lang='lat' dir='ltr'>volunt,</span> <span class='ocrx_word' id='word_1_11' title='bbox 487 401 567 447; x_wconf 87' lang='lat' dir='ltr'>quia</span> <span class='ocrx_word' id='word_1_12' title='bbox 605 405 679 436; x_wconf 87' lang='lat' dir='ltr'>erat</span> <span class='ocrx_word' id='word_1_13' title='bbox 707 401 800 437; x_wconf 85' lang='lat' dir='ltr'>Deus</span> <span class='ocrx_word' id='word_1_14' title='bbox 826 400 1073 449; x_wconf 78' lang='grc' dir='ltr'><em>πλουτοδότης,</em></span> <span class='ocrx_word' id='word_1_15' title='bbox 1110 402 1274 450; x_wconf 78' lang='lat' dir='ltr'>insperati</span> <span class='ocrx_word' id='word_1_16' title='bbox 1312 402 1401 438; x_wconf 87' lang='lat' dir='ltr'>lucri</span> <span class='ocrx_word' id='word_1_17' title='bbox 1427 407 1464 438; x_wconf 89' lang='lat' dir='ltr'>et</span> 
     </span>
     <span class='ocr_line' id='line_1_4' title="bbox 311 464 1460 503; baseline 0.002 -4"><span class='ocrx_word' id='word_1_18' title='bbox 311 464 512 500; x_wconf 77' lang='lat' dir='ltr'>divitiarum</span> <span class='ocrx_word' id='word_1_19' title='bbox 550 465 749 501; x_wconf 89' lang='lat' dir='ltr'>hominibus</span> <span class='ocrx_word' id='word_1_20' title='bbox 790 466 901 502; x_wconf 85' lang='lat' dir='ltr'>dator.</span> <span class='ocrx_word' id='word_1_21' title='bbox 932 466 985 503; x_wconf 86' lang='lat' dir='ltr'>Cf.</span> <span class='ocrx_word' id='word_1_22' title='bbox 1012 467 1135 503; x_wconf 85' lang='lat' dir='ltr'>Horat.</span> <span class='ocrx_word' id='word_1_23' title='bbox 1162 467 1230 503; x_wconf 79' lang='lat' dir='ltr'>Sat.</span> <span class='ocrx_word' id='word_1_24' title='bbox 1258 466 1317 502; x_wconf 91' lang='lat' dir='ltr'>II:</span> <span class='ocrx_word' id='word_1_25' title='bbox 1345 469 1388 502; x_wconf 84' lang='lat'>6:</span> <span class='ocrx_word' id='word_1_26' title='bbox 1416 468 1460 502; x_wconf 91' lang='grc'>10</span> 
     </span>
     <span class='ocr_line' id='line_1_5' title="bbox 311 530 1461 579; baseline 0.001 -14"><span class='ocrx_word' id='word_1_27' title='bbox 311 542 402 576; x_wconf 89' lang='lat' dir='ltr'>sqq.,</span> <span class='ocrx_word' id='word_1_28' title='bbox 438 533 478 565; x_wconf 88' lang='lat' dir='ltr'>ut</span> <span class='ocrx_word' id='word_1_29' title='bbox 505 530 665 566; x_wconf 74' lang='lat' dir='ltr'>Herculis</span> <span class='ocrx_word' id='word_1_30' title='bbox 689 535 846 578; x_wconf 75' lang='lat' dir='ltr'><em>quaestus</em></span> <span class='ocrx_word' id='word_1_31' title='bbox 871 532 1088 579; x_wconf 78' lang='lat' dir='ltr'><strong>appellentur</strong></span> <span class='ocrx_word' id='word_1_32' title='bbox 1114 532 1281 568; x_wconf 81' lang='lat' dir='ltr'>maximae</span> <span class='ocrx_word' id='word_1_33' title='bbox 1307 531 1461 567; x_wconf 85' lang='lat' dir='ltr'>divitiae.</span> 
     </span>
     <span class='ocr_line' id='line_1_6' title="bbox 310 594 938 643; baseline 0.006 -15"><span class='ocrx_word' id='word_1_34' title='bbox 310 594 411 630; x_wconf 88' lang='lat' dir='ltr'>Prior</span> <span class='ocrx_word' id='word_1_35' title='bbox 438 595 622 642; x_wconf 76' lang='lat' dir='ltr'><strong>explicatio</strong></span> <span class='ocrx_word' id='word_1_36' title='bbox 649 595 764 643; x_wconf 90' lang='lat' dir='ltr'>potior</span> <span class='ocrx_word' id='word_1_37' title='bbox 791 596 938 632; x_wconf 88' lang='lat' dir='ltr'>videtur.</span> 
     </span>
    </p>

    <p class='ocr_par' dir='ltr' id='par_1_3' title="bbox 311 660 1460 775">
     <span class='ocr_line' id='line_1_7' title="bbox 409 660 1078 706; baseline 0.003 -11"><span class='ocrx_word' id='word_1_38' title='bbox 409 660 469 696; x_wconf 88' lang='lat' dir='ltr'>Vs.</span> <span class='ocrx_word' id='word_1_39' title='bbox 497 662 579 697; x_wconf 84' lang='lat'><strong>988.</strong></span> <span class='ocrx_word' id='word_1_40' title='bbox 1075 703 1078 706; x_wconf 21' lang='lat' dir='ltr'>v</span> 
     </span>
     <span class='ocr_line' id='line_1_8' title="bbox 311 726 1460 775; baseline 0.003 -15"><span class='ocrx_word' id='word_1_41' title='bbox 311 726 400 761; x_wconf 86' lang='lat' dir='ltr'>ADv.</span> <span class='ocrx_word' id='word_1_42' title='bbox 428 726 522 761; x_wconf 81' lang='lat' dir='ltr'>Heus</span> <span class='ocrx_word' id='word_1_43' title='bbox 546 738 618 769; x_wconf 80' lang='lat' dir='ltr'>vos,</span> <span class='ocrx_word' id='word_1_44' title='bbox 653 726 762 773; x_wconf 82' lang='lat' dir='ltr'>ecquis</span> <span class='ocrx_word' id='word_1_45' title='bbox 787 727 928 772; x_wconf 78' lang='lat' dir='ltr'>aperit?</span> <span class='ocrx_word' id='word_1_46' title='bbox 953 727 1070 764; x_wconf 77' lang='lat' dir='ltr'>PHAN.</span> <span class='ocrx_word' id='word_1_47' title='bbox 1103 728 1196 773; x_wconf 71' lang='lat' dir='ltr'>Quid</span> <span class='ocrx_word' id='word_1_48' title='bbox 1218 729 1303 764; x_wconf 74' lang='lat' dir='ltr'>istas</span> <span class='ocrx_word' id='word_1_49' title='bbox 1321 730 1460 775; x_wconf 67' lang='lat' dir='ltr'>pullas,</span> 
     </span>
    </p>

    <p class='ocr_par' dir='ltr' id='par_1_4' title="bbox 483 791 877 828">
     <span class='ocr_line' id='line_1_9' title="bbox 483 791 877 828; baseline 0.005 -2"><span class='ocrx_word' id='word_1_50' title='bbox 483 791 538 826; x_wconf 80' lang='lat' dir='ltr'>ubi</span> <span class='ocrx_word' id='word_1_51' title='bbox 563 804 655 827; x_wconf 77' lang='lat' dir='ltr'>nemo</span> <span class='ocrx_word' id='word_1_52' title='bbox 680 792 775 827; x_wconf 76' lang='lat' dir='ltr'>intus</span> <span class='ocrx_word' id='word_1_53' title='bbox 799 792 877 828; x_wconf 77' lang='lat' dir='ltr'>est?</span> 
     </span>
    </p>

    <p class='ocr_par' dir='ltr' id='par_1_5' title="bbox 308 855 1462 1482">
     <span class='ocr_line' id='line_1_10' title="bbox 311 855 1461 902; baseline 0.003 -12"><span class='ocrx_word' id='word_1_54' title='bbox 311 855 443 891; x_wconf 81' lang='lat' dir='ltr'>Verba:</span> <span class='ocrx_word' id='word_1_55' title='bbox 473 874 491 895; x_wconf 72' lang='lat' dir='ltr'>n</span> <span class='ocrx_word' id='word_1_56' title='bbox 501 856 597 891; x_wconf 79' lang='lat' dir='ltr'>Heus</span> <span class='ocrx_word' id='word_1_57' title='bbox 611 883 619 891; x_wconf 91' lang='lat'><strong>.</strong></span> <span class='ocrx_word' id='word_1_58' title='bbox 635 884 643 891; x_wconf 92' lang='lat'><strong>.</strong></span> <span class='ocrx_word' id='word_1_59' title='bbox 660 884 667 891; x_wconf 95' lang='lat'>.</span> <span class='ocrx_word' id='word_1_60' title='bbox 684 883 692 892; x_wconf 89' lang='lat'><strong>.</strong></span> <span class='ocrx_word' id='word_1_61' title='bbox 720 855 853 902; x_wconf 79' lang='lat' dir='ltr'>aperit”</span> <span class='ocrx_word' id='word_1_62' title='bbox 872 857 995 892; x_wconf 87' lang='lat' dir='ltr'>melius</span> <span class='ocrx_word' id='word_1_63' title='bbox 1022 857 1224 893; x_wconf 86' lang='lat' dir='ltr'>tribuuntur</span> <span class='ocrx_word' id='word_1_64' title='bbox 1241 858 1461 893; x_wconf 79' lang='lat' dir='ltr'>Advorsitori</span> 
     </span>
     <span class='ocr_line' id='line_1_11' title="bbox 312 920 1461 968; baseline 0.003 -14"><span class='ocrx_word' id='word_1_65' title='bbox 312 932 412 965; x_wconf 84' lang='lat' dir='ltr'>quam</span> <span class='ocrx_word' id='word_1_66' title='bbox 440 920 630 964; x_wconf 80' lang='lat' dir='ltr'>Phanisco,</span> <span class='ocrx_word' id='word_1_67' title='bbox 656 920 819 966; x_wconf 85' lang='lat' dir='ltr'>quoniam</span> <span class='ocrx_word' id='word_1_68' title='bbox 844 921 957 964; x_wconf 87' lang='lat' dir='ltr'>illius,</span> <span class='ocrx_word' id='word_1_69' title='bbox 979 933 1049 956; x_wconf 91' lang='lat' dir='ltr'>non</span> <span class='ocrx_word' id='word_1_70' title='bbox 1075 921 1179 968; x_wconf 84' lang='lat' dir='ltr'>hujus</span> <span class='ocrx_word' id='word_1_71' title='bbox 1204 925 1277 957; x_wconf 85' lang='lat' dir='ltr'>erat</span> <span class='ocrx_word' id='word_1_72' title='bbox 1301 922 1382 957; x_wconf 90' lang='lat' dir='ltr'>hero</span> <span class='ocrx_word' id='word_1_73' title='bbox 1402 922 1461 958; x_wconf 92' lang='lat' dir='ltr'>ob-</span> 
     </span>
     <span class='ocr_line' id='line_1_12' title="bbox 310 984 1460 1032; baseline 0.003 -13"><span class='ocrx_word' id='word_1_74' title='bbox 310 984 402 1019; x_wconf 84' lang='lat' dir='ltr'>viam</span> <span class='ocrx_word' id='word_1_75' title='bbox 427 984 488 1020; x_wconf 86' lang='lat' dir='ltr'>ire.</span> <span class='ocrx_word' id='word_1_76' title='bbox 517 984 583 1032; x_wconf 87' lang='lat' dir='ltr'><strong>(Cf.</strong></span> <span class='ocrx_word' id='word_1_77' title='bbox 610 997 660 1020; x_wconf 72' lang='lat' dir='ltr'>ve.</span> <span class='ocrx_word' id='word_1_78' title='bbox 690 986 794 1032; x_wconf 85' lang='lat'>900):</span> <span class='ocrx_word' id='word_1_79' title='bbox 814 985 904 1021; x_wconf 89' lang='lat' dir='ltr'>unde</span> <span class='ocrx_word' id='word_1_80' title='bbox 922 986 1077 1032; x_wconf 85' lang='lat' dir='ltr'>sequitur</span> <span class='ocrx_word' id='word_1_81' title='bbox 1097 985 1216 1021; x_wconf 90' lang='lat' dir='ltr'>verba:</span> <span class='ocrx_word' id='word_1_82' title='bbox 1247 1005 1265 1026; x_wconf 74' lang='lat' dir='ltr'><em>u</em></span> <span class='ocrx_word' id='word_1_83' title='bbox 1280 986 1390 1025; x_wconf 78' lang='lat' dir='ltr'>Quid.</span> <span class='ocrx_word' id='word_1_84' title='bbox 1405 1014 1413 1023; x_wconf 91' lang='lat'><em>.</em></span> <span class='ocrx_word' id='word_1_85' title='bbox 1430 1014 1438 1022; x_wconf 93' lang='lat'>.</span> <span class='ocrx_word' id='word_1_86' title='bbox 1452 1015 1460 1023; x_wconf 87' lang='lat'>.</span> 
     </span>
     <span class='ocr_line' id='line_1_13' title="bbox 308 1048 1462 1093; baseline 0.001 -8"><span class='ocrx_word' id='word_1_87' title='bbox 308 1048 409 1085; x_wconf 70' lang='lat' dir='ltr'>est?”</span> <span class='ocrx_word' id='word_1_88' title='bbox 424 1062 494 1085; x_wconf 89' lang='lat' dir='ltr'>non</span> <span class='ocrx_word' id='word_1_89' title='bbox 512 1050 732 1086; x_wconf 88' lang='lat' dir='ltr'>Advorsitori</span> <span class='ocrx_word' id='word_1_90' title='bbox 751 1050 934 1086; x_wconf 84' lang='lat' dir='ltr'>tribuenda</span> <span class='ocrx_word' id='word_1_91' title='bbox 951 1063 1043 1093; x_wconf 87' lang='lat' dir='ltr'>esse,</span> <span class='ocrx_word' id='word_1_92' title='bbox 1064 1054 1103 1085; x_wconf 86' lang='lat' dir='ltr'>ut</span> <span class='ocrx_word' id='word_1_93' title='bbox 1119 1050 1156 1085; x_wconf 91' lang='lat' dir='ltr'>in</span> <span class='ocrx_word' id='word_1_94' title='bbox 1171 1051 1323 1086; x_wconf 81' lang='lat' dir='ltr'>editione</span> <span class='ocrx_word' id='word_1_95' title='bbox 1337 1051 1462 1087; x_wconf 84' lang='lat' dir='ltr'>Weisii</span> 
     </span>
     <span class='ocr_line' id='line_1_14' title="bbox 308 1114 1460 1162; baseline 0.001 -13"><span class='ocrx_word' id='word_1_96' title='bbox 308 1114 436 1149; x_wconf 84' lang='lat' dir='ltr'>factum</span> <span class='ocrx_word' id='word_1_97' title='bbox 460 1117 534 1157; x_wconf 91' lang='lat' dir='ltr'>est,</span> <span class='ocrx_word' id='word_1_98' title='bbox 562 1127 680 1150; x_wconf 88' lang='lat' dir='ltr'>verum</span> <span class='ocrx_word' id='word_1_99' title='bbox 699 1114 867 1150; x_wconf 89' lang='lat' dir='ltr'>Phanisco</span> <span class='ocrx_word' id='word_1_100' title='bbox 877 1142 887 1158; x_wconf 89' lang='lat'><em>‚</em></span> <span class='ocrx_word' id='word_1_101' title='bbox 915 1127 981 1161; x_wconf 86' lang='lat' dir='ltr'>qua</span> <span class='ocrx_word' id='word_1_102' title='bbox 999 1115 1132 1150; x_wconf 80' lang='lat' dir='ltr'>ratione</span> <span class='ocrx_word' id='word_1_103' title='bbox 1152 1115 1254 1162; x_wconf 86' lang='lat' dir='ltr'>hujus</span> <span class='ocrx_word' id='word_1_104' title='bbox 1273 1115 1391 1159; x_wconf 82' lang='lat' dir='ltr'>verba,</span> <span class='ocrx_word' id='word_1_105' title='bbox 1412 1128 1460 1151; x_wconf 90' lang='lat' dir='ltr'>vs.</span> 
     </span>
     <span class='ocr_line' id='line_1_15' title="bbox 311 1179 1461 1228; baseline 0.002 -15"><span class='ocrx_word' id='word_1_106' title='bbox 311 1179 399 1223; x_wconf 87' lang='grc'>989,</span> <span class='ocrx_word' id='word_1_107' title='bbox 440 1179 571 1227; x_wconf 91' lang='lat' dir='ltr'>optime</span> <span class='ocrx_word' id='word_1_108' title='bbox 609 1191 687 1216; x_wconf 89' lang='lat' dir='ltr'>cum</span> <span class='ocrx_word' id='word_1_109' title='bbox 724 1179 959 1228; x_wconf 90' lang='lat' dir='ltr'>superioribus</span> <span class='ocrx_word' id='word_1_110' title='bbox 999 1179 1181 1215; x_wconf 88' lang='lat' dir='ltr'>cohaerent</span> <span class='ocrx_word' id='word_1_111' title='bbox 1189 1195 1199 1224; x_wconf 87' lang='lat'>;</span> <span class='ocrx_word' id='word_1_112' title='bbox 1233 1179 1343 1216; x_wconf 86' lang='lat' dir='ltr'>oratio</span> <span class='ocrx_word' id='word_1_113' title='bbox 1370 1180 1461 1215; x_wconf 89' lang='lat' dir='ltr'>enim</span> 
     </span>
     <span class='ocr_line' id='line_1_16' title="bbox 312 1233 1460 1292; baseline 0.001 -13"><span class='ocrx_word' id='word_1_114' title='bbox 312 1244 410 1280; x_wconf 83' lang='lat' dir='ltr'>valde</span> <span class='ocrx_word' id='word_1_115' title='bbox 435 1244 633 1291; x_wconf 78' lang='lat' dir='ltr'>langueret,</span> <span class='ocrx_word' id='word_1_116' title='bbox 666 1244 696 1280; x_wconf 84' lang='lat' dir='ltr'>si</span> <span class='ocrx_word' id='word_1_117' title='bbox 723 1244 836 1292; x_wconf 89' lang='lat' dir='ltr'>primo</span> <span class='ocrx_word' id='word_1_118' title='bbox 864 1233 1070 1280; x_wconf 86' lang='lat' dir='ltr'>Advorsitor</span> <span class='ocrx_word' id='word_1_119' title='bbox 1092 1245 1210 1280; x_wconf 89' lang='lat' dir='ltr'>verba:</span> <span class='ocrx_word' id='word_1_120' title='bbox 1244 1245 1366 1284; x_wconf 64' lang='lat' dir='ltr'>„Quid</span> <span class='ocrx_word' id='word_1_121' title='bbox 1386 1273 1393 1280; x_wconf 91' lang='lat'><strong><em>.</em></strong></span> <span class='ocrx_word' id='word_1_122' title='bbox 1419 1273 1426 1280; x_wconf 92' lang='lat'>.</span> <span class='ocrx_word' id='word_1_123' title='bbox 1452 1272 1460 1280; x_wconf 94' lang='lat'>.</span> 
     </span>
     <span class='ocr_line' id='line_1_17' title="bbox 309 1308 1460 1357; baseline 0 -13"><span class='ocrx_word' id='word_1_124' title='bbox 309 1310 385 1344; x_wconf 79' lang='lat' dir='ltr'>est?</span> <span class='ocrx_word' id='word_1_125' title='bbox 411 1310 626 1353; x_wconf 76' lang='lat' dir='ltr'>enuntiaret,</span> <span class='ocrx_word' id='word_1_126' title='bbox 642 1313 716 1345; x_wconf 85' lang='lat' dir='ltr'>tum</span> <span class='ocrx_word' id='word_1_127' title='bbox 735 1309 924 1345; x_wconf 83' lang='lat' dir='ltr'>Phaniscus</span> <span class='ocrx_word' id='word_1_128' title='bbox 941 1309 1178 1357; x_wconf 85' lang='lat' dir='ltr'>responderet:</span> <span class='ocrx_word' id='word_1_129' title='bbox 1211 1328 1229 1349; x_wconf 73' lang='lat' dir='ltr'>a</span> <span class='ocrx_word' id='word_1_130' title='bbox 1242 1310 1318 1345; x_wconf 74' lang='lat' dir='ltr'>Alio</span> <span class='ocrx_word' id='word_1_131' title='bbox 1335 1308 1460 1345; x_wconf 78' lang='lat' dir='ltr'>ered0’&#39;</span> 
     </span>
     <span class='ocr_line' id='line_1_18' title="bbox 309 1374 1459 1422; baseline 0.001 -13"><span class='ocrx_word' id='word_1_132' title='bbox 309 1378 374 1410; x_wconf 88' lang='lat' dir='ltr'>cet.</span> <span class='ocrx_word' id='word_1_133' title='bbox 402 1374 530 1410; x_wconf 90' lang='lat' dir='ltr'>Omnia</span> <span class='ocrx_word' id='word_1_134' title='bbox 548 1374 670 1410; x_wconf 87' lang='lat' dir='ltr'>melius</span> <span class='ocrx_word' id='word_1_135' title='bbox 691 1374 896 1422; x_wconf 85' lang='lat' dir='ltr'>procedent,</span> <span class='ocrx_word' id='word_1_136' title='bbox 924 1374 953 1409; x_wconf 84' lang='lat' dir='ltr'>si</span> <span class='ocrx_word' id='word_1_137' title='bbox 974 1387 1040 1410; x_wconf 85' lang='lat' dir='ltr'>vss.</span> <span class='ocrx_word' id='word_1_138' title='bbox 1066 1376 1135 1410; x_wconf 83' lang='lat'>988</span> <span class='ocrx_word' id='word_1_139' title='bbox 1155 1387 1205 1421; x_wconf 81' lang='lat' dir='ltr'>sq.</span> <span class='ocrx_word' id='word_1_140' title='bbox 1225 1375 1304 1410; x_wconf 88' lang='lat' dir='ltr'>inde</span> <span class='ocrx_word' id='word_1_141' title='bbox 1324 1388 1340 1410; x_wconf 86' lang='lat' dir='ltr'>a</span> <span class='ocrx_word' id='word_1_142' title='bbox 1356 1374 1459 1410; x_wconf 90' lang='lat' dir='ltr'>verbo</span> 
     </span>
     <span class='ocr_line' id='line_1_19' title="bbox 313 1438 926 1482; baseline 0.002 -8"><span class='ocrx_word' id='word_1_143' title='bbox 313 1438 406 1482; x_wconf 77' lang='lat' dir='ltr'>Quid</span> <span class='ocrx_word' id='word_1_144' title='bbox 429 1439 598 1474; x_wconf 86' lang='lat' dir='ltr'>Phanisco</span> <span class='ocrx_word' id='word_1_145' title='bbox 626 1439 691 1474; x_wconf 87' lang='lat' dir='ltr'>soli</span> <span class='ocrx_word' id='word_1_146' title='bbox 715 1439 926 1475; x_wconf 88' lang='lat' dir='ltr'>tribuuntur.</span> 
     </span>
    </p>

    <p class='ocr_par' dir='ltr' id='par_1_6' title="bbox 304 1504 1459 2136">
     <span class='ocr_line' id='line_1_20' title="bbox 407 1504 578 1540; baseline 0.012 -2"><span class='ocrx_word' id='word_1_147' title='bbox 407 1504 467 1540; x_wconf 89' lang='lat' dir='ltr'>Vs.</span> <span class='ocrx_word' id='word_1_148' title='bbox 496 1506 578 1540; x_wconf 88' lang='lat'>990.</span> 
     </span>
     <span class='ocr_line' id='line_1_21' title="bbox 307 1569 1458 1616; baseline 0.001 -13"><span class='ocrx_word' id='word_1_149' title='bbox 307 1569 373 1605; x_wconf 77' lang='grc' dir='ltr'>ΤΗ.</span> <span class='ocrx_word' id='word_1_150' title='bbox 388 1570 514 1612; x_wconf 70' lang='lat' dir='ltr'>Puera,</span> <span class='ocrx_word' id='word_1_151' title='bbox 533 1570 727 1616; x_wconf 78' lang='lat' dir='ltr'>[se]q[aere,</span> <span class='ocrx_word' id='word_1_152' title='bbox 744 1573 776 1604; x_wconf 83' lang='lat' dir='ltr'>te</span> <span class='ocrx_word' id='word_1_153' title='bbox 789 1569 943 1615; x_wconf 59' lang='grc' dir='ltr'>οὔκω-0,]</span> <span class='ocrx_word' id='word_1_154' title='bbox 958 1570 1021 1603; x_wconf 74' lang='lat' dir='ltr'>hac</span> <span class='ocrx_word' id='word_1_155' title='bbox 1033 1581 1093 1604; x_wconf 86' lang='lat' dir='ltr'>me.</span> <span class='ocrx_word' id='word_1_156' title='bbox 1109 1569 1226 1604; x_wconf 82' lang='lat' dir='ltr'><strong>PHAN.</strong></span> <span class='ocrx_word' id='word_1_157' title='bbox 1242 1596 1250 1604; x_wconf 91' lang='lat'><strong>.</strong></span> <span class='ocrx_word' id='word_1_158' title='bbox 1268 1597 1275 1604; x_wconf 91' lang='lat'>.</span> <span class='ocrx_word' id='word_1_159' title='bbox 1293 1596 1300 1604; x_wconf 94' lang='lat'><strong>.</strong></span> <span class='ocrx_word' id='word_1_160' title='bbox 1320 1570 1385 1604; x_wconf 85' lang='grc' dir='ltr'>ΤΗ.</span> <span class='ocrx_word' id='word_1_161' title='bbox 1403 1597 1410 1604; x_wconf 95' lang='grc'><em>.</em></span> <span class='ocrx_word' id='word_1_162' title='bbox 1426 1597 1433 1604; x_wconf 92' lang='grc'><strong>.</strong></span> <span class='ocrx_word' id='word_1_163' title='bbox 1451 1597 1458 1604; x_wconf 94' lang='grc'>.</span> 
     </span>
     <span class='ocr_line' id='line_1_22' title="bbox 308 1633 1459 1681; baseline -0.001 -11"><span class='ocrx_word' id='word_1_164' title='bbox 308 1635 386 1670; x_wconf 87' lang='lat' dir='ltr'>Hoc</span> <span class='ocrx_word' id='word_1_165' title='bbox 411 1647 512 1670; x_wconf 87' lang='lat' dir='ltr'>versu</span> <span class='ocrx_word' id='word_1_166' title='bbox 539 1634 575 1669; x_wconf 87' lang='lat' dir='ltr'>in</span> <span class='ocrx_word' id='word_1_167' title='bbox 594 1634 753 1681; x_wconf 81' lang='lat' dir='ltr'>plurimis</span> <span class='ocrx_word' id='word_1_168' title='bbox 771 1634 983 1669; x_wconf 82' lang='lat' dir='ltr'>editionibus</span> <span class='ocrx_word' id='word_1_169' title='bbox 1001 1633 1133 1680; x_wconf 85' lang='lat' dir='ltr'>aliquid</span> <span class='ocrx_word' id='word_1_170' title='bbox 1151 1634 1332 1678; x_wconf 71' lang='lat' dir='ltr'>excidisse,</span> <span class='ocrx_word' id='word_1_171' title='bbox 1360 1633 1459 1670; x_wconf 89' lang='lat' dir='ltr'>testis</span> 
     </span>
     <span class='ocr_line' id='line_1_23' title="bbox 307 1699 1053 1745; baseline -0.003 -10"><span class='ocrx_word' id='word_1_172' title='bbox 307 1704 359 1735; x_wconf 85' lang='lat' dir='ltr'>est</span> <span class='ocrx_word' id='word_1_173' title='bbox 385 1700 491 1739; x_wconf 79' lang='lat' dir='ltr'>codex</span> <span class='ocrx_word' id='word_1_174' title='bbox 517 1701 569 1743; x_wconf 88' lang='lat' dir='ltr'>A,</span> <span class='ocrx_word' id='word_1_175' title='bbox 598 1699 634 1734; x_wconf 92' lang='lat' dir='ltr'>in</span> <span class='ocrx_word' id='word_1_176' title='bbox 662 1712 728 1745; x_wconf 90' lang='lat' dir='ltr'>quo</span> <span class='ocrx_word' id='word_1_177' title='bbox 755 1699 898 1745; x_wconf 73' lang='lat' dir='ltr'>legitur:</span> <span class='ocrx_word' id='word_1_178' title='bbox 1051 1743 1053 1745; x_wconf 14' lang='lat' dir='ltr'>q</span> 
     </span>
     <span class='ocr_line' id='line_1_24' title="bbox 306 1766 1458 1809; baseline -0.003 -8"><span class='ocrx_word' id='word_1_179' title='bbox 306 1766 427 1801; x_wconf 70' lang='lat' dir='ltr'><strong>Pomm</strong></span> <span class='ocrx_word' id='word_1_180' title='bbox 454 1793 462 1801; x_wconf 92' lang='lat'>.</span> <span class='ocrx_word' id='word_1_181' title='bbox 491 1793 499 1801; x_wconf 94' lang='lat'><strong>.</strong></span> <span class='ocrx_word' id='word_1_182' title='bbox 534 1776 559 1809; x_wconf 77' lang='lat' dir='ltr'>Q</span> <span class='ocrx_word' id='word_1_183' title='bbox 591 1791 1084 1801; x_wconf 81' lang='grc'><strong>..............</strong></span> <span class='ocrx_word' id='word_1_184' title='bbox 1114 1775 1236 1799; x_wconf 73' lang='grc' dir='ltr'>ΗΛΟΜΕ</span> <span class='ocrx_word' id='word_1_185' title='bbox 1262 1784 1310 1791; x_wconf 91' lang='grc'>-</span> <span class='ocrx_word' id='word_1_186' title='bbox 1336 1786 1383 1791; x_wconf 91' lang='grc'><strong>-</strong></span> <span class='ocrx_word' id='word_1_187' title='bbox 1409 1786 1458 1791; x_wconf 88' lang='lat'><em>—</em></span> 
     </span>
     <span class='ocr_line' id='line_1_25' title="bbox 306 1829 1458 1878; baseline -0.003 -11"><span class='ocrx_word' id='word_1_188' title='bbox 306 1845 347 1867; x_wconf 87' lang='lat' dir='ltr'>ex</span> <span class='ocrx_word' id='word_1_189' title='bbox 373 1844 440 1878; x_wconf 91' lang='lat' dir='ltr'>quo</span> <span class='ocrx_word' id='word_1_190' title='bbox 467 1831 664 1878; x_wconf 84' lang='lat' dir='ltr'>colligitur,</span> <span class='ocrx_word' id='word_1_191' title='bbox 699 1833 779 1878; x_wconf 88' lang='lat' dir='ltr'>post</span> <span class='ocrx_word' id='word_1_192' title='bbox 805 1830 907 1865; x_wconf 82' lang='lat' dir='ltr'>verba</span> <span class='ocrx_word' id='word_1_193' title='bbox 933 1831 994 1865; x_wconf 75' lang='lat' dir='ltr'>bac</span> <span class='ocrx_word' id='word_1_194' title='bbox 1020 1843 1068 1864; x_wconf 72' lang='lat' dir='ltr'>mee</span> <span class='ocrx_word' id='word_1_195' title='bbox 1094 1829 1301 1865; x_wconf 86' lang='lat' dir='ltr'>Phaniscum</span> <span class='ocrx_word' id='word_1_196' title='bbox 1328 1830 1458 1876; x_wconf 83' lang='lat' dir='ltr'>aliquid</span> 
     </span>
     <span class='ocr_line' id='line_1_26' title="bbox 304 1894 1456 1944; baseline -0.001 -13"><span class='ocrx_word' id='word_1_197' title='bbox 304 1896 540 1944; x_wconf 86' lang='lat' dir='ltr'>respondisse;</span> <span class='ocrx_word' id='word_1_198' title='bbox 568 1896 660 1943; x_wconf 92' lang='lat' dir='ltr'>quod</span> <span class='ocrx_word' id='word_1_199' title='bbox 686 1895 754 1931; x_wconf 86' lang='lat' dir='ltr'>nisi</span> <span class='ocrx_word' id='word_1_200' title='bbox 782 1895 1007 1942; x_wconf 78' lang='lat' dir='ltr'>accipiamus,</span> <span class='ocrx_word' id='word_1_201' title='bbox 1036 1894 1137 1929; x_wconf 86' lang='lat' dir='ltr'>verba</span> <span class='ocrx_word' id='word_1_202' title='bbox 1162 1894 1389 1942; x_wconf 85' lang='lat' dir='ltr'>Theuropidis</span> <span class='ocrx_word' id='word_1_203' title='bbox 1407 1908 1456 1931; x_wconf 90' lang='lat' dir='ltr'>vs.</span> 
     </span>
     <span class='ocr_line' id='line_1_27' title="bbox 307 1961 1455 2006; baseline -0.001 -9"><span class='ocrx_word' id='word_1_204' title='bbox 307 1963 374 1997; x_wconf 91' lang='grc'>991</span> <span class='ocrx_word' id='word_1_205' title='bbox 411 1975 482 1998; x_wconf 89' lang='lat' dir='ltr'>non</span> <span class='ocrx_word' id='word_1_206' title='bbox 515 1962 694 1997; x_wconf 85' lang='lat' dir='ltr'>cohaerere</span> <span class='ocrx_word' id='word_1_207' title='bbox 726 1974 803 1996; x_wconf 89' lang='lat' dir='ltr'>cum</span> <span class='ocrx_word' id='word_1_208' title='bbox 838 1973 887 1995; x_wconf 73' lang='grc' dir='ltr'>νε.</span> <span class='ocrx_word' id='word_1_209' title='bbox 925 1961 993 1994; x_wconf 88' lang='grc'>990</span> <span class='ocrx_word' id='word_1_210' title='bbox 1033 1972 1133 1994; x_wconf 90' lang='lat' dir='ltr'>nemo</span> <span class='ocrx_word' id='word_1_211' title='bbox 1175 1972 1245 1995; x_wconf 90' lang='lat' dir='ltr'>non</span> <span class='ocrx_word' id='word_1_212' title='bbox 1284 1964 1455 2006; x_wconf 79' lang='lat' dir='ltr'>agnoscat.</span> 
     </span>
     <span class='ocr_line' id='line_1_28' title="bbox 304 2023 1248 2072; baseline -0.004 -11"><span class='ocrx_word' id='word_1_213' title='bbox 304 2026 514 2062; x_wconf 86' lang='lat' dir='ltr'>Ritschelius</span> <span class='ocrx_word' id='word_1_214' title='bbox 540 2026 696 2061; x_wconf 86' lang='lat' dir='ltr'>lacunam</span> <span class='ocrx_word' id='word_1_215' title='bbox 723 2024 948 2072; x_wconf 85' lang='lat' dir='ltr'>probabiliter</span> <span class='ocrx_word' id='word_1_216' title='bbox 975 2023 1024 2058; x_wconf 86' lang='lat' dir='ltr'>sic</span> <span class='ocrx_word' id='word_1_217' title='bbox 1050 2023 1248 2070; x_wconf 89' lang='lat' dir='ltr'>supplevit:</span> 
     </span>
     <span class='ocr_line' id='line_1_29' title="bbox 305 2088 1307 2136; baseline -0.004 -8"><span class='ocrx_word' id='word_1_218' title='bbox 305 2119 613 2128; x_wconf 93' lang='grc'><strong>.........</strong></span> <span class='ocrx_word' id='word_1_219' title='bbox 641 2090 759 2127; x_wconf 77' lang='lat' dir='ltr'><strong>PHAN.</strong></span> <span class='ocrx_word' id='word_1_220' title='bbox 791 2090 891 2136; x_wconf 70' lang='lat' dir='ltr'>Terqa</span> <span class='ocrx_word' id='word_1_221' title='bbox 919 2088 1025 2125; x_wconf 76' lang='lat' dir='ltr'>timeo.</span> <span class='ocrx_word' id='word_1_222' title='bbox 1053 2088 1119 2125; x_wconf 72' lang='lat' dir='ltr'>Tu.</span> <span class='ocrx_word' id='word_1_223' title='bbox 1147 2088 1200 2125; x_wconf 84' lang='lat' dir='ltr'>Ne</span> <span class='ocrx_word' id='word_1_224' title='bbox 1221 2089 1307 2125; x_wconf 73' lang='lat' dir='ltr'>time.</span> 
     </span>
    </p>

    <p class='ocr_par' dir='ltr' id='par_1_7' title="bbox 402 2156 574 2193">
     <span class='ocr_line' id='line_1_30' title="bbox 402 2156 574 2193; baseline 0.006 -2"><span class='ocrx_word' id='word_1_225' title='bbox 402 2156 462 2193; x_wconf 87' lang='lat' dir='ltr'>Vs.</span> <span class='ocrx_word' id='word_1_226' title='bbox 492 2158 574 2192; x_wconf 86' lang='lat'>991.</span> 
     </span>
    </p>

    <p class='ocr_par' dir='ltr' id='par_1_8' title="bbox 303 2219 1455 2334">
     <span class='ocr_line' id='line_1_31' title="bbox 410 2219 1352 2266; baseline -0.004 -7"><span class='ocrx_word' id='word_1_227' title='bbox 410 2250 606 2259; x_wconf 92' lang='grc'><strong>......</strong></span> <span class='ocrx_word' id='word_1_228' title='bbox 634 2222 752 2258; x_wconf 56' lang='lat' dir='ltr'>Pium.</span> <span class='ocrx_word' id='word_1_229' title='bbox 781 2221 934 2257; x_wconf 73' lang='lat' dir='ltr'>Libertas</span> <span class='ocrx_word' id='word_1_230' title='bbox 952 2220 1138 2266; x_wconf 75' lang='lat' dir='ltr'>paenulast</span> <span class='ocrx_word' id='word_1_231' title='bbox 1163 2219 1252 2266; x_wconf 65' lang='lat' dir='ltr'>{erqo</span> <span class='ocrx_word' id='word_1_232' title='bbox 1277 2225 1352 2256; x_wconf 76' lang='lat' dir='ltr'>tuo.-</span> 
     </span>
     <span class='ocr_line' id='line_1_32' title="bbox 303 2285 1455 2334; baseline -0.003 -11"><span class='ocrx_word' id='word_1_233' title='bbox 303 2289 477 2331; x_wconf 80' lang='lat' dir='ltr'>Paenula,</span> <span class='ocrx_word' id='word_1_234' title='bbox 519 2288 624 2323; x_wconf 85' lang='lat' dir='ltr'>vestis</span> <span class='ocrx_word' id='word_1_235' title='bbox 663 2288 772 2334; x_wconf 87' lang='lat' dir='ltr'>spissa</span> <span class='ocrx_word' id='word_1_236' title='bbox 811 2289 845 2321; x_wconf 87' lang='lat' dir='ltr'>et</span> <span class='ocrx_word' id='word_1_237' title='bbox 881 2285 1021 2328; x_wconf 85' lang='lat' dir='ltr'>villosa,</span> <span class='ocrx_word' id='word_1_238' title='bbox 1058 2298 1142 2331; x_wconf 89' lang='lat' dir='ltr'>quae</span> <span class='ocrx_word' id='word_1_239' title='bbox 1176 2298 1278 2333; x_wconf 89' lang='lat' dir='ltr'>supra</span> <span class='ocrx_word' id='word_1_240' title='bbox 1304 2286 1455 2320; x_wconf 84' lang='lat' dir='ltr'>tunicam</span> 
     </span>
    </p>
   </div>
   <div class='ocr_carea' id='block_1_3' title="bbox 0 2838 1752 2978">
    <p class='ocr_par' dir='ltr' id='par_1_9' title="bbox 0 2838 1752 2978">
     <span class='ocr_line' id='line_1_33' title="bbox 0 2838 1752 2978; baseline 0 0"><span class='ocrx_word' id='word_1_241' title='bbox 0 2838 1752 2978; x_wconf 95' lang='lat' dir='ltr'> </span> 
     </span>
    </p>
   </div>
  </div>
 </body>
</html>
