1752 2978
876 275 920 308 30

315 363 452 398 videtur
491 363 577 398 mihi
613 376 685 398 esse
721 363 926 407 servandus,
955 364 1087 400 dictum
1114 366 1206 401 enim
1233 366 1298 401 hoc
1325 378 1396 401 non
1424 371 1476 402 est

313 427 512 474 ταύτόλογον
536 427 596 462 sed
628 427 849 475 ἀντίστροφον
866 429 984 475 potius
1010 420 1125 465 v'ersui
1154 430 1393 477 praecedenti:
1420 444 1476 477 eqo

314 493 432 529 ceteris
457 505 548 529 eram
573 493 775 541 disciplinae
782 510 795 536 ;
831 494 937 530 ceteri
963 507 985 529 a
1010 508 1060 530 me
1084 495 1271 531 doctrinam
1297 496 1360 531 eibi
1383 501 1474 543 pete-

313 560 405 594 bant.
445 556 541 593 Haec
557 558 680 602 ambo,
711 562 750 594 ut
767 570 867 606 saepe
884 560 939 603 fit,
960 559 996 594 ἐκ
1016 558 1229 607 παραλλήλου
1246 561 1362 609 posita
1380 566 1474 597 sunt.

313 624 359 659 Et
384 624 550 659 hactenus
577 624 717 670 quidem
744 624 785 659 de
809 623 966 660 versibus
985 624 1224 671 interpolatis,
1253 638 1345 661 nunc
1363 629 1474 661 cetera

314 693 507 736 tangamus,

413 753 474 789 Vs.
503 754 587 788 102.

650 819 777 853 Factae
796 820 896 865 probe
917 819 1133 862 examussim,

312 896 429 919 versus
464 884 521 919 hic
552 882 676 918 melius
702 884 876 920 constabit
908 884 954 928 si,
983 884 1205 932 transpositis
1225 883 1337 920 verbis
1344 886 1474 932 factae

314 953 347 984 et
372 950 490 996 probe,
518 949 692 995 legamus:

652 1014 759 1049 Probe
772 1014 900 1060 factae
923 1014 1137 1057 examussim,

311 1079 402 1126 quod
434 1079 463 1114 si
489 1079 567 1121 fiat,
599 1090 736 1114 necesse
763 1082 815 1113 est
841 1078 966 1113 ultima
992 1078 1123 1126 syllaba
1149 1078 1245 1114 verbi
1270 1080 1370 1125 probe
1396 1091 1471 1114 cor-

309 1145 469 1191 ripiatur.
521 1143 700 1178 Bacchiaci
739 1144 832 1178 enim
872 1156 989 1178 versus
1024 1144 1207 1179 anacrusin
1246 1143 1386 1189 quidem
1420 1144 1470 1179 fe-

310 1212 393 1244 runt
431 1220 500 1243 una
535 1207 640 1254 longa
679 1207 733 1242 vel
768 1208 901 1243 duabus
941 1208 1103 1243 brevibus
1142 1211 1377 1251 constantem,
1417 1208 1470 1244 Cf.

310 1274 392 1309 Aul.
420 1273 479 1309 II:
509 1275 550 1308 1:
577 1275 600 1308 4
629 1286 698 1320 sq.‚
726 1273 855 1320 Amph.
884 1273 1011 1308 1121:
1040 1275 1107 1316 15,
1135 1274 1242 1309 Poen.
1269 1274 1306 1309 I:
1336 1276 1377 1308 2:
1404 1275 1469 1317 30,

309 1351 499 1385 numquam
528 1351 606 1373 vero
631 1338 799 1385 jambum.
840 1338 1006 1384 Exempla
1033 1338 1175 1373 ultimae
1202 1338 1351 1384 syllabae
1374 1338 1470 1373 verbi

307 1404 407 1450 probe
432 1406 608 1450 correptae
634 1405 733 1438 sunt:
759 1401 839 1438 Mil.
858 1401 935 1437 III:
963 1403 1005 1437 3:
1033 1403 1098 1446 29,
1129 1403 1196 1447 61,
1225 1402 1333 1438 Poen.
1352 1402 1401 1437 V:
1431 1404 1470 1437 5:

313 1470 353 1511 l,
382 1468 508 1502 Pseud.
536 1467 594 1502 II:
623 1469 665 1502 2:
695 1469 728 1502 9.

407 1532 468 1568 Vs.
497 1533 580 1568 110.

497 1599 662 1634 Dominus
688 1598 870 1644 indiliqens
897 1599 1035 1633 reddere
1060 1599 1150 1632 alias
1176 1599 1300 1633 nevolt.

308 1665 451 1707 Nevolt,
478 1676 541 1710 pro
571 1676 665 1702 anon
692 1664 767 1698 vult
778 1670 811 1707 ΙΙ,
840 1662 892 1697 Cf.
912 1662 1007 1697 Trin.
1027 1662 1085 1698 II:
1108 1664 1148 1697 2:
1170 1664 1233 1706 84,
1260 1664 1305 1698 87
1325 1666 1359 1697 et
1378 1663 1468 1697 infra

308 1743 358 1766 vs,
387 1732 459 1765 124·
489 1733 745 1776 „nepas-cunta.

406 1795 467 1830 Vs.
497 1796 580 1829 112.

534 1859 659 1904 fimus,
679 1858 857 1906 patefacit
884 1871 943 1894 aer
969 1870 1101 1904 operam
1115 1857 1241 1904 fabri:

308 1923 460 1968 Quidam
486 1923 622 1958 codices
652 1923 717 1958 hoc
753 1936 856 1958 versu
880 1923 1002 1969 legunt
1019 1922 1235 1970 putrefacit,
1261 1921 1353 1968 quod
1379 1921 1465 1957 mihi

307 1989 447 2035 quidem
486 1988 621 2035 legibus
659 1989 813 2023 metricis
847 2001 1037 2035 repugnare
1070 1988 1219 2023 videtur.
1258 1987 1386 2022 Versus
1413 1992 1465 2022 est

306 2055 452 2090 creticus
493 2057 695 2089 tetrameter
727 2053 977 2089 acatalecticus.
1014 2053 1252 2099 Requiruntur
1284 2056 1364 2100 post
1389 2065 1463 2088 ver-

304 2119 387 2154 bum
429 2119 523 2164 tiyna
558 2119 645 2154 duae
678 2118 829 2165 syllabae
868 2118 1066 2165 productae.
1118 2117 1153 2152 Si
1191 2117 1319 2164 legitur
1345 2122 1463 2164 putre-

291 2183 411 2231 facit,
448 2183 551 2230 hujus
589 2183 684 2218 verbi
726 2183 812 2217 duae
851 2183 982 2229 priores
1022 2181 1172 2228 syllabae
1206 2185 1288 2217 sunt
1324 2181 1462 2224 breves,

304 2260 407 2294 quare
446 2248 585 2284 admitti
625 2261 696 2284 non
734 2251 869 2296 potest,
908 2247 1081 2295 patefacit
1115 2260 1195 2283 vero
1220 2248 1367 2295 primam
1394 2246 1463 2292 syl—

303 2313 415 2349 labam
435 2314 607 2361 producit.
628 2314 783 2361 Objiciat
801 2313 927 2359 aliquis
946 2312 1087 2348 verbum
1101 2314 1322 2360 putrefacere
1338 2311 1463 2346 habere
