1752 2978
881 267 922 301 76

318 353 366 389 Le
407 354 517 390 Maire
562 368 640 392 cum
691 356 869 392 Gronovio
913 355 1100 392 Camerarii
1149 356 1334 392 lectionem
1386 370 1475 394 rece-

317 419 386 466 pit,
439 420 508 454 nisi
547 421 640 467 quod
682 435 745 469 pro
773 422 882 469 factz's
920 421 1040 468 posuit
1072 421 1202 467 factus.
1261 421 1477 468 Quicumque

318 483 377 519 has
409 484 574 521 lectiones
609 499 687 522 cum
726 486 906 522 Ritschelii
940 485 1181 522 emendatione
1208 488 1475 535 comparaverit,

318 561 388 584 non
414 549 590 586 dubitabit
614 552 702 587 hanc
728 552 799 588 illis
824 555 1043 599 anteponere.
1081 551 1123 586 In
1142 552 1257 599 priore
1283 565 1383 588 versu
1400 554 1478 588 hine

317 617 415 651 abeat
439 620 538 653 acute
563 618 692 653 factum
718 631 759 653 ex
785 620 924 660 habeam
952 618 989 652 in
1008 618 1123 653 'altero
1151 618 1246 653 istud
1258 619 1387 666 faetus
1404 618 1476 653 sive

318 686 415 718 actus
431 683 503 730 jam
522 695 769 729 supervacuum
789 686 851 719 est.
879 682 1061 718 Ritschelii
1087 682 1192 718 lectio
1219 695 1281 730 pro
1299 686 1399 730 parte
1425 684 1474 718 af-

318 748 472 782 firmatur
509 747 714 782 auctoritate
762 747 889 782 codicis
932 749 981 790 A,
1018 759 1118 793 quem
1161 747 1477 783 Schwartzmannus

319 811 563 848 animadvertit
588 825 663 847 eam
688 812 872 848 lectionem
900 811 1077 848 exhibere:

394 876 704 912 URBE-EXULATUM
731 904 1189 912 .............
1216 888 1400 912 casnm,

321 940 481 977 Ceterum
519 941 740 977 manifestum
775 945 827 977 est
853 944 933 989 post
959 954 1008 977 vs.
1038 942 1106 977 597
1134 940 1266 988 aliquid
1292 940 1476 985 excidisse,

321 1006 402 1052 quia
440 1006 544 1041 verba
582 1006 765 1041 Tranionis
798 1019 847 1041 vs.
886 1008 956 1041 599
981 1019 1052 1041 non
1078 1006 1164 1041 bene
1190 1006 1372 1041 cohaerent
1399 1019 1477 1041 cum

320 1071 365 1106 iis
402 1082 488 1118 quae
523 1070 598 1118 ipse
631 1070 721 1106 dixit
747 1083 796 1106 vs.
826 1071 909 1106 597.
963 1069 1136 1106 Lacunam
1165 1070 1378 1106 Bit-schelius
1396 1083 1476 1118 sup-

320 1136 393 1184 plet
420 1135 486 1171 sic:

320 1201 412 1237 DAN.
456 1202 547 1240 Quid
572 1202 609 1237 id
632 1201 678 1236 ad
702 1199 776 1237 me?
802 1201 893 1236 modo
920 1214 1010 1236 nunc
1036 1200 1158 1235 reddab
1180 1204 1354 1246 arqeucum
1389 1200 1478 1235 misci.

322 1266 447 1312 quibus
480 1267 641 1314 congruit
664 1266 848 1302 Tranionis
873 1278 1075 1313 responsum
1102 1278 1152 1300 vs.
1181 1267 1267 1299 599:

600 1330 692 1375 Quin
719 1335 838 1366 sortem
868 1331 950 1377 [iam
976 1330 1182 1377 redhsshebit.

324 1397 614 1443 quemadumdum
640 1409 758 1431 rursus
785 1409 802 1430 e
829 1396 1027 1442 conjectura
1052 1398 1142 1430 recte
1169 1395 1307 1441 scripsit
1325 1393 1478 1429 Ritsche-

324 1461 410 1504 lius,
439 1473 543 1507 quum
573 1461 609 1496 iu
637 1460 814 1495 codicibus
842 1460 881 1495 B.
910 1459 948 1496 C.
976 1459 1018 1494 D.
1048 1460 1115 1493 sit:

376 1527 465 1570 Quoi
489 1532 610 1561 sortem
636 1551 824 1561 ......
851 1524 976 1560 licebit.
1018 1535 1101 1558 DAN.
1127 1524 1208 1570 quin
1234 1536 1298 1557 non
1320 1529 1421 1570 peto:

323 1592 408 1627 Post
433 1592 523 1627 hunc
549 1604 685 1626 versum
712 1591 749 1625 in
774 1590 928 1625 editione
957 1589 1082 1625 Weisii
1110 1588 1272 1635 leguntur
1299 1587 1417 1622 verba:

371 1657 438 1693 ΤΗ.
466 1657 547 1700 Eia,
576 1657 749 1702 manaym,
777 1656 823 1691 ad
847 1668 896 1691 me
923 1655 1006 1691 redi.
1034 1654 1097 1690 ΤΚ.
1126 1655 1192 1689 iam
1220 1654 1295 1689 istic
1320 1666 1385 1688 ero.

323 1736 407 1769 quae
432 1736 450 1758 e
477 1736 527 1758 vs,
557 1724 624 1758 741
652 1722 740 1757 male
766 1722 833 1757 huc
859 1721 957 1756 illata
984 1724 1075 1755 sunt.

423 1787 482 1823 Vs.
502 1788 585 1822 602.
613 1786 744 1830 Dutas,
772 1799 791 1821 a
814 1785 918 1821 verbo
937 1786 1056 1821 datare
1084 1784 1175 1830 quod
1201 1784 1330 1819 factum
1357 1782 1480 1817 simili-

324 1858 375 1887 tcr
402 1855 441 1887 ut
466 1858 594 1887 natare.
622 1851 673 1886 Cf.
691 1851 772 1887 Aul.
793 1851 863 1885 IV:
885 1853 927 1884 4⁴:
949 1849 1141 1893 10,Pseud.
1169 1848 1226 1883 II:
1256 1850 1294 1882 2:
1321 1849 1388 1890 32,
1428 1846 1480 1880 Si-

324 1916 406 1953 milc
433 1920 485 1952 est
511 1920 626 1953 votare
651 1916 742 1952 infra
768 1929 818 1952 vs.
847 1917 930 1950 869.

423 1982 483 2019 Vs.
520 1984 604 2018 613.
648 1981 893 2025 Ιησοησίἰίανε,
928 1981 950 2016 i.
977 1994 1006 2016 e.
1034 1980 1195 2023 irritare,
1218 1978 1386 2021 alienare,
1417 1978 1480 2012 im·-

325 2049 443 2084 micum
459 2050 596 2096 facere.
649 2047 702 2083 Of.
730 2046 826 2083 Trin.
854 2045 891 2082 I:
921 2048 959 2081 2:
988 2048 1046 2082 99.

374 2113 647 2149 Inconcz'liastin'
674 2126 766 2156 eum,
794 2112 851 2159 qui
877 2112 1074 2147 mandatust
1106 2108 1194 2146 tibi?

328 2179 421 2215 Pers.
448 2179 499 2214 V:
527 2182 565 2214 2:
594 2181 652 2215 58.

375 2244 423 2278 Eo
450 2245 561 2288 credo,
589 2245 668 2291 quia
696 2257 762 2279 non
789 2242 1036 2285 inconciliavit,
1065 2253 1158 2287 quom
1188 2245 1219 2275 te
1243 2253 1321 2275 emo.

326 2308 354 2335 Τ
357 2321 417 2336 ¹¹¹¹¹¹
422 2308 505 2345 ebus
520 2318 695 2359 comparat
711 2308 940 2345 Horatianum
955 2307 1140 2350 inimicare,
1158 2306 1223 2342 Od.
1235 2306 1297 2340 IV:
1313 2306 1367 2340 15:
1382 2305 1423 2338 19
1435 2315 1482 2352 sq.
