1752 2978
842 265 888 298 22

282 356 414 396 retum,
442 353 496 388 cui
524 352 645 388 allium
671 353 863 388 admixtum
890 357 961 396 est,
989 357 1091 399 atque
1118 352 1203 389 adeo
1221 353 1264 388 de
1281 353 1442 390 omnibus

282 417 369 453 cibis
396 417 520 464 quibus
546 417 668 453 allium
699 418 861 453 intritum
887 421 950 453 est.
1004 418 1112 462 Quasi
1151 418 1244 453 dicat
1278 418 1442 454 Grumio:

285 481 390 521 'tsine
416 494 471 517 me
497 481 648 517 fortunis
674 481 760 518 meis
781 494 866 529 quae
892 481 929 517 in
956 481 1033 517 cibo
1061 481 1116 518 vel
1141 494 1230 530 pane
1256 481 1338 518 allio
1364 495 1440 530 per-

282 550 386 582 uncto
421 546 508 582 sitae
540 551 640 590 sunt,
684 548 857 594 patienter
889 546 988 593 fungi
1023 551 1058 583 et
1091 550 1293 582 contentum
1325 559 1409 582 esse.
1420 556 1438 577 1¹

282 610 398 659 Magis
424 611 511 648 mihi
538 611 669 647 arridet
695 612 891 660 explicatio,
920 624 986 658 qua
1011 612 1172 647 alliatum
1198 611 1242 647 ad
1267 624 1317 647 me
1336 612 1440 648 refer-

281 681 358 721 tur,
399 680 439 713 ut
464 676 634 725 significet
667 691 746 714 eum
772 678 832 724 qui
864 677 946 713 allio
973 677 1064 713 vesci
1091 677 1198 721 solet,
1226 677 1316 713 sicut
1345 690 1439 717 aun-

281 745 494 789 guentatusa
524 742 583 789 qui
602 743 789 790 unguentis
807 743 982 779 delibutus
1000 746 1064 779 est.
1091 742 1214 789 Itaque
1247 755 1317 778 non
1351 742 1439 779 alia-

284 813 338 851 to,
376 808 435 843 sed
460 808 605 843 aliatum
634 808 818 855 legendum
845 821 922 843 cum
948 808 1155 851 Ritschelio,
1192 820 1294 854 quam
1320 808 1440 843 lectio·

282 884 362 907 nem
387 872 573 907 Saracenus
600 877 634 907 et
665 872 750 908 Pius
776 872 957 920 praebent,
985 876 1021 908 et
1046 884 1166 908 sensus
1192 871 1242 908 sic
1267 871 1439 920 explican-

284 938 366 973 dus:
405 938 485 973 Sine
520 951 570 974 me
601 938 747 973 aliatum
791 938 827 984 (i.
855 951 885 974 e.
913 937 995 973 allio
1029 939 1180 985 pastum)
1204 938 1319 985 funqi
1346 938 1383 984 (i.
1410 951 1439 974 e.

283 1002 369 1050 pati)
387 1004 563 1050 fortunas
592 1016 691 1039 meas.
736 1002 896 1039 Ceterum
910 1002 1025 1051 funqi
1051 1002 1159 1039 simili
1185 1002 1441 1039 constructione

283 1073 318 1103 et
344 1081 446 1104 sensu
472 1072 525 1104 est
550 1069 642 1116 apud
667 1068 883 1104 Lucretium:
919 1068 996 1103 III:
1026 1069 1106 1104 735.

408 1133 459 1168 Εἰ
480 1133 575 1169 mala
601 1134 714 1169 multa
731 1134 866 1169 animus
887 1139 1025 1181 contaqe
1033 1134 1198 1181 sunyitur
1211 1133 1291 1181 ejus.

283 1199 423 1234 Sueton.
450 1200 540 1246 Aug.
569 1212 644 1247 cap.
673 1200 739 1234 35:
782 1198 856 1244 Quo
889 1198 1079 1247 reliyiosius
1105 1199 1274 1235 senatoria
1300 1211 1442 1234 munera

274 1265 516 1313 sumerentur,
542 1264 658 1301 Plaut.
686 1265 782 1300 Men.
810 1264 852 1300 I:
880 1267 921 1300 4:
948 1266 983 1300 4.

283 1330 382 1366 Nam
406 1332 582 1379 parasitus
608 1337 678 1366 octo
704 1331 877 1366 hominum
903 1343 1023 1365 munus
1042 1330 1151 1377 facile
1169 1330 1347 1378 δίὶινιιᾳίιιιν.

384 1395 445 1431 Vs.
474 1397 533 1431 55.

436 1461 473 1496 0.
501 1460 718 1507 carnuficium
745 1460 905 1504 cribrum,
934 1460 1023 1506 quod
1046 1460 1141 1495 credo
1156 1460 1265 1506 fore:

287 1525 510 1574 Carnuficium
548 1525 692 1560 cribrum
730 1524 902 1572 significat
943 1542 961 1564 η
972 1524 1104 1560 corium
1138 1527 1173 1559 et
1207 1527 1342 1571 tergum
1368 1525 1442 1571 ejus

284 1590 436 1626 stimulis
453 1591 550 1637 (quos
569 1589 737 1636 oblongos
758 1603 776 1625 e
796 1589 940 1625 sudibus
959 1590 1153 1637 praeacutis
1168 1589 1222 1625 vel
1236 1589 1326 1625 ferro
1344 1602 1440 1636 prae-

282 1654 359 1689 fixis
377 1653 557 1701 gestabant
578 1653 622 1689 ad
647 1654 739 1689 hunc
756 1654 869 1701 usum)
890 1653 940 1689 ita
957 1653 1076 1690 crebro
1094 1652 1309 1701 perforatum
1326 1653 1383 1698 iri,
1403 1657 1442 1689 ut

284 1718 436 1755 cribrum
453 1718 714 1767 rep1·aesentet”
733 1719 887 1768 Lipsius.
906 1719 1006 1755 Idem
1023 1719 1121 1755 addit
1138 1719 1348 1767 adjectivum
1366 1733 1440 1755 car-

284 1784 458 1831 nuficium,
490 1784 583 1830 quod
616 1784 783 1820 carnificis
818 1797 921 1832 opera
946 1784 997 1820 ita
1028 1784 1227 1820 multandus
1249 1788 1332 1820 erat.
1372 1784 1440 1820 Pro

283 1849 348 1885 hoc
378 1849 482 1897 vulgo
510 1849 599 1885 male
625 1850 838 1898 carnificum,
868 1849 960 1896 quod
987 1849 1092 1885 etiam
1120 1853 1231 1885 metro
1257 1854 1439 1897 repugnat.

382 1914 443 1949 Vs.
472 1915 516 1948 56
545 1926 595 1960 sq.

450 1979 510 2014 Ita
538 1983 570 2014 te
583 1980 758 2027 forabunt
776 1979 1008 2025 patibulatum
1025 1993 1092 2026 per
1118 1979 1191 2015 vias

449 2043 621 2079 Stimuleis
649 2044 837 2090 [terebris]
865 2045 929 2079 buc
953 2044 983 2079 si
1010 2044 1164 2079 reveniat
1190 2056 1299 2079 senex.

283 2109 326 2144 In
352 2108 502 2144 lectione
529 2121 630 2155 quam
657 2111 774 2143 tuetur
800 2108 970 2144 Weisius:

415 2174 475 2210 Ita
502 2178 535 2209 te
548 2174 724 2221 forabunt
743 2174 974 2219 patibulatum
993 2188 1060 2220 per
1088 2174 1159 2210 vias

414 2239 587 2283 Stimulis,
614 2238 645 2274 si
670 2239 734 2274 buc
760 2239 910 2275 reveniat
937 2240 1175 2287 quamprimum
1202 2252 1310 2275 senex.

283 2303 426 2341 verbum
462 2305 701 2352 quamprimum
730 2304 815 2340 mihi
856 2305 992 2341 videtur
1027 2306 1176 2341 alienum
1213 2319 1296 2341 esse.
1349 2305 1441 2339 Gru-
