1752 2978
855 262 900 294 24

424 353 514 387 Date
540 366 612 395 aex,
641 353 671 387 si
698 366 763 387 nou
789 352 880 387 estis.
934 352 1049 397 Ayite,
1070 365 1176 398 porro
1194 353 1339 399 perqite.

298 416 390 462 quod
428 416 477 451 sic
518 416 759 464 explicandum
785 420 855 452 est:
887 416 955 458 rstSi
981 429 1047 452 uon
1074 417 1154 452 estis
1178 416 1293 452 daturi
1320 429 1453 463 ervom,

299 481 337 517 id
363 485 415 517 est
440 481 625 529 pabulum,
654 483 732 518 date
757 495 831 526 aes,
860 495 927 528 quo
954 495 1076 518 emam.
1129 483 1170 518 In
1207 482 1270 518 hac
1306 483 1455 518 lectione

296 558 373 581 cum
417 546 515 581 valde
556 546 641 582 dura
680 551 731 582 est
772 546 914 581 omissio
957 546 1055 581 verbi
1084 546 1218 591 daturi,
1259 550 1335 582 tum
1366 547 1455 584 illud

296 610 497 655 molestum,
526 612 618 658 quod
645 612 874 659 supplendum
901 615 953 647 est
975 611 1148 659 objectum
1175 625 1285 648 ervom
1303 625 1322 647 a
1339 613 1455 659 priore

295 688 352 710 aes
378 675 563 711 diversum.
617 676 801 711 Ritschelii
834 676 936 711 lectio
973 676 1022 711 sic
1048 676 1322 724 interpretanda:
1364 678 1456 714 Date

296 754 432 784 ervom,
460 741 490 776 si
517 754 580 776 nore
609 742 706 785 estis,
734 742 759 777 i.
775 754 809 777 e:
837 742 866 777 si
893 741 961 789 ipsi
988 754 1058 777 non
1085 741 1205 785 editis,
1234 754 1320 788 quae
1346 742 1453 778 inter-

294 806 443 853 pretatio
481 807 635 842 firmatur
662 819 718 849 eo,
747 807 839 853 quod
865 806 1011 842 Grumio
1038 806 1203 842 Tranioni
1232 819 1329 842 servo
1357 807 1454 855 obje-

295 875 366 906 ctat
390 871 481 918 quod
499 884 632 918 semper
649 871 743 906 laute
761 871 893 906 viveret
910 874 945 906 et
963 870 1046 906 vilia
1064 871 1190 919 pabula
1208 874 1243 906 et
1261 871 1452 916 esculenta,

295 949 441 983 quorum
480 949 497 971 e
536 949 658 983 genere
697 940 770 972 erat
796 948 931 980 ervum,
973 940 1159 984 sperneret.
1191 935 1285 971 Huic
1310 936 1453 972 lectioni

295 1002 405 1048 magis
445 1002 549 1037 etiam
583 1002 700 1037 favent
734 1001 884 1044 codices,
913 1005 953 1036 ut
979 1001 1022 1045 C,
1049 1002 1108 1047 qui
1134 1001 1237 1048 legit;
1281 1002 1390 1041 ndate
1420 1014 1454 1037 es

294 1066 468 1101 inhoneste
476 1065 510 1101 ³³.

394 1131 454 1167 Vs.
484 1134 542 1166 65.

514 1198 610 1240 Este,
638 1198 795 1244 ecfercite
821 1210 893 1240 vos,
920 1197 1071 1242 saqinam
1096 1197 1233 1232 caedite.

293 1262 448 1307 Saqinam
489 1263 616 1297 caedite
654 1275 736 1309 pro:
769 1262 958 1301 'animalia
997 1262 1152 1306 saqiuata
1185 1260 1342 1296 caedite”
1369 1261 1392 1295 i.
1422 1274 1450 1296 e.

297 1325 429 1363 alantis
467 1330 501 1360 et
541 1326 693 1374 opiparis
720 1325 807 1361 cibis
824 1325 997 1370 utimini,
1026 1325 1079 1361 Cf.
1106 1338 1157 1361 VS.
1188 1327 1257 1360 236
1301 1326 1451 1372 (sSaqz'na

289 1391 470 1436 plawest’'.
505 1392 703 1427 Gronovius
730 1404 811 1427 vero
839 1394 940 1439 putat
966 1391 1069 1427 verba
1098 1391 1277 1437 sfsaqinam
1294 1389 1451 1427 caedite”

292 1456 411 1491 eodem
431 1457 533 1492 modo
552 1457 668 1504 posita
686 1469 759 1491 esse
778 1469 845 1502 quo
876 1474 894 1495 η
905 1457 1009 1491 cibum
1027 1454 1202 1498 caedere”‚
1231 1455 1321 1491 unde
1343 1474 1361 1495 η
1373 1456 1450 1491 cibi-

291 1521 397 1556 cida”
440 1518 644 1568 (σιτοφάγος)
685 1521 777 1568 apud
816 1520 1010 1563 Lucilium,
1048 1520 1180 1555 scilicet
1205 1533 1268 1567 pro
1299 1519 1450 1560 stederd’

291 1586 364 1621 sive
395 1605 412 1625 n
423 1586 525 1621 cibum
553 1586 706 1621 dentibus
723 1584 986 1621 contruncare”.
1031 1585 1132 1620 Prior
1158 1588 1274 1620 tamen
1302 1585 1449 1632 explica-

291 1651 341 1686 tio
364 1651 524 1699 propriae
540 1651 637 1687 verbi
658 1651 792 1686 caedere
812 1650 1058 1697 significationi
1079 1650 1188 1696 magis
1209 1662 1360 1696 congrua
1386 1654 1448 1685 est.

392 1716 452 1751 Vs.
481 1718 539 1751 69.

411 1782 502 1820 Quid
526 1786 591 1826 est,
619 1782 707 1829 quod
731 1786 768 1817 tu
794 1795 843 1817 me
869 1794 957 1816 nunc
985 1784 1138 1827 optuere,
1156 1781 1345 1829 furcifer?

280 1848 443 1894 jure-{fer
470 1847 583 1882 dictus
610 1861 629 1882 a
644 1849 776 1895 furca,
805 1860 890 1894 quae
916 1849 1055 1895 poenae
1073 1860 1173 1882 causa
1199 1846 1388 1882 cervicibus
1416 1850 1451 1882 et

291 1911 443 1946 humeris
470 1924 645 1947 servorum
681 1912 941 1960 imponebatur,
978 1912 1137 1947 manibus
1171 1911 1214 1947 ad
1240 1925 1313 1947 eam
1341 1912 1448 1948 subli-

289 1977 392 2022 gatiS.
446 1976 582 2011 Habuit
608 1977 754 2011 formam
780 1977 917 2011 litterae
943 1976 986 2011 V.
1028 1976 1122 2012 Hinc
1147 1976 1286 2023 proprie
1312 1989 1447 2020 servus,

290 2041 348 2087 qui
376 2054 475 2089 saepe
502 2041 564 2076 hac
589 2054 700 2089 poena
726 2041 951 2085 afficiebatur,
982 2042 1094 2077 vocari
1123 2042 1248 2076 solitus
1263 2042 1447 2089 furcifer,

289 2106 413 2141 deinde
439 2106 583 2153 figurate
611 2106 758 2152 quilibet
784 2107 978 2142 sceleratus.
1033 2107 1077 2141 In
1104 2106 1265 2153 ambiguo
1302 2107 1365 2142 hac
1402 2107 1447 2141 si-

288 2170 508 2215 gnificatione
529 2170 620 2205 ludit
635 2170 799 2214 Grumio,
821 2183 925 2217 quum
944 2170 1110 2206 Tranioni
1138 2171 1322 2218 respondet
1346 2185 1447 2207 versu

289 2241 468 2282 sequente:

464 2302 532 2336 Pol
557 2302 616 2336 tibi
643 2302 730 2336 istuc
756 2302 850 2336 credo
878 2314 990 2337 nomen
1019 2306 1165 2336 actutum
1183 2303 1280 2348 fore.
