1752 2978
815 303 882 338 111

447 422 865 431 ............
893 393 960 429 ΤΗ.
986 393 1039 428 Ne
1066 405 1146 438 neqa

445 462 521 497 Em·
543 461 602 497 tibi
625 473 721 507 aeqre
744 472 833 496 nunc
858 463 908 495 est
936 486 1092 494 .....

272 525 399 562 Eadem
424 527 558 562 ratione
581 530 661 574 post
678 539 728 561 vs.
753 526 848 561 1019
866 523 988 559 lacuna
1005 523 1111 559 statui
1129 523 1240 559 debet.
1271 522 1307 558 Si
1326 522 1418 558 enim

272 592 315 627 ad
339 592 573 638 quaestionem
597 591 763 627 Simonis:
788 608 807 630 n
820 589 1016 628 Quidnam?
1041 593 1103 623 ant
1128 602 1191 635 quo
1216 587 1321 625 die?”
1347 593 1414 624 sta-

272 656 336 691 tim
374 656 606 704 Theuropides
642 654 879 703 responderet:
921 654 1067 693 nMinas
1102 653 1296 698 octoqz'nta”
1334 657 1416 696 eet„

272 732 372 755 nemo
406 733 477 755 non
512 720 675 755 fatebitur
706 732 745 754 ea
770 731 841 753 non
865 717 951 753 bene
977 718 1172 760 cohaerere,
1201 730 1302 763 quare
1327 718 1415 753 facio

272 795 349 819 cum
373 784 561 819 Bitschelio
585 783 766 830 supplente
790 782 882 817 hunc
905 781 1129 817 versiculum:

315 848 381 883 ΤΗ.
409 848 575 884 Molestus
601 860 641 883 ne
666 847 731 883 sis.-
756 859 824 883 rem
850 859 971 882 omnem
1001 846 1037 881 in
1053 859 1166 892 pauca
1192 847 1373 893 conferam.

359 899 430 948 vs.
459 914 566 948 1026.

309 977 358 1013 SI.
390 976 519 1022 Quaeso
538 978 668 1024 edepol,
693 978 739 1013 ad
760 990 809 1012 me
828 977 892 1012 huc
914 980 1023 1022 specta
1051 980 1083 1011 et
1105 976 1263 1022 responde
1287 977 1378 1012 mihi.

273 1043 357 1077 Post
382 1043 472 1077 hunc
497 1055 632 1077 versum
660 1054 817 1088 magnam
845 1054 917 1076 esse
943 1041 1099 1076 lacunam
1127 1041 1334 1076 Ritschelius
1358 1042 1414 1076 de-

271 1107 477 1143 monstravit
507 1107 544 1142 in
574 1106 712 1154 Parerg.
747 1106 766 1141 I
797 1118 875 1154 pag.
902 1107 1117 1150 cmo—472,
1149 1118 1166 1141 e
1192 1107 1289 1154 cujus
1315 1118 1413 1153 argu—

272 1172 485 1207 mentatione
528 1172 648 1207 haecce
692 1171 849 1214 afferam,
900 1171 1023 1217 quibus
1079 1171 1179 1217 plane
1228 1172 1415 1206 assentior:

271 1236 354 1272 Non
397 1235 547 1283 intelligi
584 1239 718 1284 potest,
757 1247 921 1282 quorsum
969 1247 1019 1270 vs·
1067 1236 1161 1271 1027
1213 1235 1315 1271 verba
1358 1236 1417 1271 boc

271 1306 306 1337 et
343 1302 412 1336 tuis
442 1304 614 1348 spectent3
651 1300 735 1346 quid
765 1299 879 1347 ajebat
908 1300 1159 1347 Theuropidem
1188 1300 1276 1335 velle
1301 1301 1416 1336 aedifi-

271 1366 370 1402 care?
393 1368 468 1401 tum
495 1364 590 1401 istud
616 1364 654 1400 in
679 1364 748 1400 tuis
771 1364 862 1399 nihil
886 1376 959 1399 esse
984 1367 1100 1411 potest
1121 1364 1190 1400 nisi
1216 1364 1254 1400 in
1280 1365 1347 1400 tuis
1364 1378 1417 1401 ae-

270 1431 375 1466 dibus.
415 1431 464 1465 At
497 1430 539 1465 de
573 1429 714 1465 aedibus
744 1429 840 1465 nulla
875 1429 1006 1464 mentio
1040 1430 1130 1464 facta
1160 1433 1211 1464 est
1244 1430 1282 1465 in
1306 1429 1419 1465 verbis

270 1494 420 1531 Simonis
447 1508 495 1531 vs.
521 1496 615 1530 1026
627 1510 637 1539 ;
661 1506 764 1542 porro
791 1493 866 1541 quis
891 1497 981 1538 erat,
1001 1493 1061 1540 qui
1078 1493 1149 1529 filio
1167 1493 1254 1529 velle
1276 1506 1418 1531 uxorem

272 1560 351 1596 dare
375 1560 625 1608 Theuropidem
652 1559 786 1608 ajebat?
803 1572 904 1595 nemo
922 1559 991 1594 nisi
1014 1559 1160 1595 Tranio:
1186 1560 1284 1607 cujus
1302 1563 1417 1595 tamen

271 1625 321 1660 rei
351 1624 388 1660 in
419 1624 572 1660 versibus
606 1623 839 1672 superioribus
871 1623 967 1659 nulla
1001 1623 1132 1659 mentio
1167 1624 1216 1659 fit.
1260 1624 1418 1671 Denique

271 1690 353 1736 quid
384 1693 452 1733 est,
492 1689 584 1736 quod
623 1690 816 1734 respondere
838 1688 931 1724 Simo
963 1688 1215 1736 Theuropidem
1238 1688 1339 1736 jubet
1366 1702 1415 1725 vs.

273 1754 385 1797 1026,
417 1766 521 1800 quum
547 1757 661 1789 tamen
685 1753 775 1788 nihil
796 1766 837 1789 ex
862 1765 901 1788 eo
929 1754 1092 1799 quaerat?
1116 1752 1170 1788 Ob
1189 1752 1249 1788 has
1267 1753 1418 1788 rationes

271 1819 426 1855 lacunam
465 1832 537 1854 esse
571 1819 791 1854 manifestum
825 1822 894 1862 est,
929 1830 1031 1864 quam
1057 1822 1154 1853 acute
1181 1818 1315 1865 explere
1342 1822 1416 1854 ten-

272 1884 359 1919 tavit
385 1883 593 1920 Ritsehelius
618 1884 656 1919 in
682 1883 835 1919 editione
860 1895 927 1931 pag
953 1884 1021 1918 151
1051 1895 1100 1928 sq.

369 1950 429 1986 Vs.
457 1952 565 1986 1035.

374 2015 600 2062 [Disperdidz't
630 2028 678 2050 me
700 2015 776 2062 ille]
804 2015 899 2050 hodie
919 2014 956 2049 in
974 2018 1166 2059 perpetuom
1190 2014 1329 2049 modum.

271 2080 377 2116 Plane
414 2080 502 2116 facio
540 2093 618 2116 cum
650 2079 861 2123 Ritschelio,
904 2078 963 2125 qui
995 2078 1097 2114 verba
1124 2078 1338 2124 Disperdidit
1364 2092 1412 2114 me

269 2145 348 2187 ille,
402 2145 557 2191 reposuit
603 2157 685 2191 pro:
721 2144 1000 2191 ndeludffieatuet
1039 2156 1087 2178 me
1124 2142 1260 2186 hodie?
1293 2143 1416 2178 melius

270 2208 362 2245 enim
397 2208 524 2245 dicitur
569 2227 586 2249 η
590 2209 706 2255 perire
746 2211 781 2244 et
805 2208 949 2254 perdere
985 2208 1022 2243 in
1052 2211 1249 2254 perpetuum
1288 2209 1416 2244 modum

270 2287 370 2321 quam
401 2275 573 2323 ludificari
596 2275 633 2310 in
651 2278 862 2320 perpetuum.
883 2273 1041 2309 Fortasse
1065 2273 1187 2308 lacuna
1212 2273 1330 2309 aderat
1355 2274 1419 2309 hoc

271 2352 389 2385 versu,
415 2351 516 2386 quam
541 2339 675 2375 librarii
700 2338 945 2386 suppleverunt
971 2350 989 2373 e
1015 2338 1128 2374 verbis
1155 2351 1204 2374 VS.
1230 2340 1337 2374 1033.
