<?xml version="1.0" encoding="UTF-8"?>
<!DOCTYPE html PUBLIC "-//W3C//DTD XHTML 1.0 Transitional//EN"
    "http://www.w3.org/TR/xhtml1/DTD/xhtml1-transitional.dtd">
<html xmlns="http://www.w3.org/1999/xhtml" xml:lang="en" lang="en">
 <head>
  <title>
</title>
<meta http-equiv="Content-Type" content="text/html;charset=utf-8" />
  <meta name='ocr-system' content='tesseract 3.04.00' />
  <meta name='ocr-capabilities' content='ocr_page ocr_carea ocr_par ocr_line ocrx_word'/>
</head>
<body>
  <div class='ocr_page' id='page_1' title='image "4737243_0055.png"; bbox 0 0 1752 2978; ppageno 0'>
   <div class='ocr_carea' id='block_1_1' title="bbox 823 322 870 356">
    <p class='ocr_par' dir='ltr' id='par_1_1' title="bbox 823 322 870 356">
     <span class='ocr_line' id='line_1_1' title="bbox 823 322 870 356; baseline -0.021 0"><span class='ocrx_word' id='word_1_1' title='bbox 823 322 870 356; x_wconf 78' lang='lat'><strong>43</strong></span> 
     </span>
    </p>
   </div>
   <div class='ocr_carea' id='block_1_2' title="bbox 254 408 1419 2088">
    <p class='ocr_par' dir='ltr' id='par_1_2' title="bbox 270 408 1419 592">
     <span class='ocr_line' id='line_1_2' title="bbox 370 408 1419 460; baseline -0.006 -12"><span class='ocrx_word' id='word_1_2' title='bbox 370 412 501 449; x_wconf 85' lang='lat' dir='ltr'><strong>Verba:</strong></span> <span class='ocrx_word' id='word_1_3' title='bbox 528 409 641 449; x_wconf 71' lang='lat' dir='ltr'><em>seita’s</em></span> <span class='ocrx_word' id='word_1_4' title='bbox 669 417 707 449; x_wconf 76' lang='lat' dir='ltr'><strong>lu</strong></span> <span class='ocrx_word' id='word_1_5' title='bbox 733 413 862 460; x_wconf 77' lang='lat' dir='ltr'><em>quidem</em></span> <span class='ocrx_word' id='word_1_6' title='bbox 889 412 1018 448; x_wconf 82' lang='lat' dir='ltr'>ironice</span> <span class='ocrx_word' id='word_1_7' title='bbox 1043 410 1135 447; x_wconf 83' lang='lat' dir='ltr'><strong>dicta</strong></span> <span class='ocrx_word' id='word_1_8' title='bbox 1153 412 1235 446; x_wconf 89' lang='lat' dir='ltr'><strong>sunt</strong></span> <span class='ocrx_word' id='word_1_9' title='bbox 1251 420 1314 457; x_wconf 90' lang='lat' dir='ltr'><strong>pro</strong></span> <span class='ocrx_word' id='word_1_10' title='bbox 1332 408 1419 443; x_wconf 66' lang='lat' dir='ltr'><em>stul-</em></span> 
     </span>
     <span class='ocr_line' id='line_1_3' title="bbox 272 476 1419 526; baseline -0.003 -15"><span class='ocrx_word' id='word_1_11' title='bbox 272 476 351 521; x_wconf 75' lang='grc' dir='ltr'><strong>ιαέ,</strong></span> <span class='ocrx_word' id='word_1_12' title='bbox 385 490 470 524; x_wconf 82' lang='lat' dir='ltr'><strong>quae</strong></span> <span class='ocrx_word' id='word_1_13' title='bbox 493 478 624 514; x_wconf 84' lang='lat' dir='ltr'><strong>seilicet</strong></span> <span class='ocrx_word' id='word_1_14' title='bbox 648 478 798 526; x_wconf 87' lang='lat' dir='ltr'><strong>lepidam</strong></span> <span class='ocrx_word' id='word_1_15' title='bbox 823 477 963 521; x_wconf 85' lang='lat' dir='ltr'><strong>faciem,</strong></span> <span class='ocrx_word' id='word_1_16' title='bbox 989 476 1146 512; x_wconf 74' lang='lat' dir='ltr'><strong>adhibito</strong></span> <span class='ocrx_word' id='word_1_17' title='bbox 1170 476 1249 512; x_wconf 83' lang='lat' dir='ltr'><strong>fuco</strong></span> <span class='ocrx_word' id='word_1_18' title='bbox 1267 485 1419 509; x_wconf 87' lang='lat' dir='ltr'><strong>corrum-</strong></span> 
     </span>
     <span class='ocr_line' id='line_1_4' title="bbox 270 539 1319 592; baseline -0.003 -14"><span class='ocrx_word' id='word_1_19' title='bbox 270 555 367 589; x_wconf 90' lang='lat' dir='ltr'><em>pere,</em></span> <span class='ocrx_word' id='word_1_20' title='bbox 394 544 484 580; x_wconf 88' lang='lat' dir='ltr'><strong>sicut</strong></span> <span class='ocrx_word' id='word_1_21' title='bbox 508 543 677 592; x_wconf 78' lang='lat' dir='ltr'><strong>picturam</strong></span> <span class='ocrx_word' id='word_1_22' title='bbox 700 556 790 579; x_wconf 89' lang='lat' dir='ltr'><strong>novo</strong></span> <span class='ocrx_word' id='word_1_23' title='bbox 817 543 994 591; x_wconf 84' lang='lat' dir='ltr'><strong>pigmento</strong></span> <span class='ocrx_word' id='word_1_24' title='bbox 1020 540 1229 589; x_wconf 86' lang='lat' dir='ltr'><strong>interpolare</strong></span> <span class='ocrx_word' id='word_1_25' title='bbox 1254 539 1319 575; x_wconf 87' lang='lat' dir='ltr'><strong>vis.</strong></span> 
     </span>
    </p>

    <p class='ocr_par' dir='ltr' id='par_1_3' title="bbox 366 608 538 644">
     <span class='ocr_line' id='line_1_5' title="bbox 366 608 538 644; baseline 0.012 -2"><span class='ocrx_word' id='word_1_26' title='bbox 366 608 427 643; x_wconf 88' lang='lat' dir='ltr'><strong>Vs.</strong></span> <span class='ocrx_word' id='word_1_27' title='bbox 455 610 538 644; x_wconf 90' lang='grc'><strong>266.</strong></span> 
     </span>
    </p>

    <p class='ocr_par' dir='ltr' id='par_1_4' title="bbox 366 668 1417 719">
     <span class='ocr_line' id='line_1_6' title="bbox 366 668 1417 719; baseline -0.007 -11"><span class='ocrx_word' id='word_1_28' title='bbox 366 672 477 708; x_wconf 72' lang='lat' dir='ltr'><strong>Mmis</strong></span> <span class='ocrx_word' id='word_1_29' title='bbox 500 672 596 708; x_wconf 82' lang='lat' dir='ltr'><em>velim</em></span> <span class='ocrx_word' id='word_1_30' title='bbox 624 672 776 718; x_wconf 75' lang='lat' dir='ltr'><em>lapidem,</em></span> <span class='ocrx_word' id='word_1_31' title='bbox 804 673 862 719; x_wconf 81' lang='lat' dir='ltr'><strong>qui</strong></span> <span class='ocrx_word' id='word_1_32' title='bbox 887 685 941 718; x_wconf 75' lang='lat' dir='ltr'><em>eqo</em></span> <span class='ocrx_word' id='word_1_33' title='bbox 967 672 1024 707; x_wconf 77' lang='lat' dir='ltr'><strong>illi</strong></span> <span class='ocrx_word' id='word_1_34' title='bbox 1048 671 1179 716; x_wconf 71' lang='lat' dir='ltr'><strong>speculo</strong></span> <span class='ocrx_word' id='word_1_35' title='bbox 1202 668 1417 704; x_wconf 82' lang='lat' dir='ltr'><em>dimminuam</em></span> 
     </span>
    </p>

    <p class='ocr_par' dir='ltr' id='par_1_5' title="bbox 263 742 1415 1107">
     <span class='ocr_line' id='line_1_7' title="bbox 490 742 602 782; baseline 0.009 -10"><span class='ocrx_word' id='word_1_36' title='bbox 490 742 602 782; x_wconf 79' lang='lat' dir='ltr'><strong>caput.</strong></span> 
     </span>
     <span class='ocr_line' id='line_1_8' title="bbox 273 797 1414 850; baseline -0.006 -11"><span class='ocrx_word' id='word_1_37' title='bbox 273 803 376 839; x_wconf 83' lang='lat' dir='ltr'><em>Velim</em></span> <span class='ocrx_word' id='word_1_38' title='bbox 402 803 564 849; x_wconf 76' lang='lat' dir='ltr'><em>lapidem,</em></span> <span class='ocrx_word' id='word_1_39' title='bbox 592 801 645 839; x_wconf 88' lang='lat' dir='ltr'><strong>Cf.</strong></span> <span class='ocrx_word' id='word_1_40' title='bbox 672 802 799 850; x_wconf 89' lang='lat' dir='ltr'><strong>Amph.</strong></span> <span class='ocrx_word' id='word_1_41' title='bbox 826 802 877 838; x_wconf 90' lang='lat' dir='ltr'><strong>V:</strong></span> <span class='ocrx_word' id='word_1_42' title='bbox 898 803 936 837; x_wconf 88' lang='lat'><strong>1:</strong></span> <span class='ocrx_word' id='word_1_43' title='bbox 957 804 997 846; x_wconf 88' lang='grc'><strong>6.,</strong></span> <span class='ocrx_word' id='word_1_44' title='bbox 1025 814 1145 849; x_wconf 86' lang='lat' dir='ltr'><em>aquam</em></span> <span class='ocrx_word' id='word_1_45' title='bbox 1169 800 1288 843; x_wconf 76' lang='lat' dir='ltr'><em>velim,</em></span> <span class='ocrx_word' id='word_1_46' title='bbox 1316 797 1414 834; x_wconf 87' lang='lat' dir='ltr'>Asin.</span> 
     </span>
     <span class='ocr_line' id='line_1_9' title="bbox 267 862 1414 912; baseline -0.006 -8"><span class='ocrx_word' id='word_1_47' title='bbox 267 868 346 904; x_wconf 88' lang='lat' dir='ltr'>III:</span> <span class='ocrx_word' id='word_1_48' title='bbox 373 870 411 904; x_wconf 83' lang='lat'><strong>3:</strong></span> <span class='ocrx_word' id='word_1_49' title='bbox 428 869 492 912; x_wconf 83' lang='lat'><strong>34,</strong></span> <span class='ocrx_word' id='word_1_50' title='bbox 520 872 643 904; x_wconf 75' lang='lat' dir='ltr'><em>noctem</em></span> <span class='ocrx_word' id='word_1_51' title='bbox 670 872 761 904; x_wconf 75' lang='lat' dir='ltr'><em>tuam</em></span> <span class='ocrx_word' id='word_1_52' title='bbox 787 872 821 904; x_wconf 79' lang='lat' dir='ltr'><em>et</em></span> <span class='ocrx_word' id='word_1_53' title='bbox 847 867 918 904; x_wconf 77' lang='lat' dir='ltr'><strong>vini</strong></span> <span class='ocrx_word' id='word_1_54' title='bbox 930 868 1047 903; x_wconf 77' lang='lat' dir='ltr'><em>cadum</em></span> <span class='ocrx_word' id='word_1_55' title='bbox 1072 867 1186 910; x_wconf 82' lang='lat' dir='ltr'><em>velim,</em></span> <span class='ocrx_word' id='word_1_56' title='bbox 1212 863 1337 901; x_wconf 85' lang='lat' dir='ltr'>Pseud.</span> <span class='ocrx_word' id='word_1_57' title='bbox 1353 862 1414 898; x_wconf 86' lang='lat' dir='ltr'><strong>II:</strong></span> 
     </span>
     <span class='ocr_line' id='line_1_10' title="bbox 267 930 1414 980; baseline -0.005 -11"><span class='ocrx_word' id='word_1_58' title='bbox 267 936 305 969; x_wconf 76' lang='lat'><strong>2:</strong></span> <span class='ocrx_word' id='word_1_59' title='bbox 347 936 369 969; x_wconf 75' lang='lat'><em>4</em></span> <span class='ocrx_word' id='word_1_60' title='bbox 414 946 464 980; x_wconf 88' lang='lat' dir='ltr'><strong>sq.</strong></span> <span class='ocrx_word' id='word_1_61' title='bbox 490 933 602 968; x_wconf 72' lang='lat' dir='ltr'><strong>Nimis</strong></span> <span class='ocrx_word' id='word_1_62' title='bbox 627 933 726 969; x_wconf 81' lang='lat' dir='ltr'><em>velim</em></span> <span class='ocrx_word' id='word_1_63' title='bbox 753 933 920 980; x_wconf 81' lang='lat' dir='ltr'><em>(aliqu-em)</em></span> <span class='ocrx_word' id='word_1_64' title='bbox 947 937 1073 968; x_wconf 76' lang='lat' dir='ltr'><em>certum</em></span> <span class='ocrx_word' id='word_1_65' title='bbox 1097 932 1156 980; x_wconf 80' lang='lat' dir='ltr'><strong>qui</strong></span> <span class='ocrx_word' id='word_1_66' title='bbox 1182 931 1261 966; x_wconf 68' lang='lat' dir='ltr'><strong>mila·</strong></span> <span class='ocrx_word' id='word_1_67' title='bbox 1275 930 1414 977; x_wconf 60' lang='lat' dir='ltr'><em>faeiat,</em></span> 
     </span>
     <span class='ocr_line' id='line_1_11' title="bbox 265 995 1415 1045; baseline -0.005 -11"><span class='ocrx_word' id='word_1_68' title='bbox 265 998 354 1034; x_wconf 81' lang='lat' dir='ltr'><strong>Rud.</strong></span> <span class='ocrx_word' id='word_1_69' title='bbox 381 997 420 1033; x_wconf 79' lang='lat' dir='ltr'><strong>I:</strong></span> <span class='ocrx_word' id='word_1_70' title='bbox 449 999 491 1034; x_wconf 82' lang='lat'><strong>3:</strong></span> <span class='ocrx_word' id='word_1_71' title='bbox 519 999 578 1034; x_wconf 82' lang='lat'><strong>35.</strong></span> <span class='ocrx_word' id='word_1_72' title='bbox 629 998 755 1034; x_wconf 80' lang='lat' dir='ltr'><em>Saltem</em></span> <span class='ocrx_word' id='word_1_73' title='bbox 780 998 925 1045; x_wconf 84' lang='lat' dir='ltr'><em>aliquem</em></span> <span class='ocrx_word' id='word_1_74' title='bbox 949 997 1058 1033; x_wconf 81' lang='lat' dir='ltr'><strong>velim.</strong></span> <span class='ocrx_word' id='word_1_75' title='bbox 1095 996 1261 1032; x_wconf 81' lang='lat' dir='ltr'><strong>Similiter</strong></span> <span class='ocrx_word' id='word_1_76' title='bbox 1288 995 1415 1030; x_wconf 83' lang='lat' dir='ltr'><strong>Graece</strong></span> 
     </span>
     <span class='ocr_line' id='line_1_12' title="bbox 263 1060 871 1107; baseline 0.002 -10"><span class='ocrx_word' id='word_1_77' title='bbox 263 1060 425 1107; x_wconf 79' lang='grc' dir='ltr'><strong><em>βούλομαι</em></strong></span> <span class='ocrx_word' id='word_1_78' title='bbox 449 1076 528 1099; x_wconf 85' lang='lat' dir='ltr'><strong>cum</strong></span> <span class='ocrx_word' id='word_1_79' title='bbox 554 1075 622 1099; x_wconf 83' lang='lat' dir='ltr'><em>aee.</em></span> <span class='ocrx_word' id='word_1_80' title='bbox 649 1063 871 1099; x_wconf 73' lang='lat' dir='ltr'><strong>construitur.</strong></span> 
     </span>
    </p>

    <p class='ocr_par' dir='ltr' id='par_1_6' title="bbox 362 1128 535 1165">
     <span class='ocr_line' id='line_1_13' title="bbox 362 1128 535 1165; baseline 0.012 -2"><span class='ocrx_word' id='word_1_81' title='bbox 362 1128 424 1165; x_wconf 84' lang='lat' dir='ltr'><strong>Vs.</strong></span> <span class='ocrx_word' id='word_1_82' title='bbox 452 1130 535 1165; x_wconf 89' lang='grc'><strong>268.</strong></span> 
     </span>
    </p>

    <p class='ocr_par' dir='ltr' id='par_1_7' title="bbox 254 1193 1418 1827">
     <span class='ocr_line' id='line_1_14' title="bbox 308 1193 1375 1241; baseline -0.004 -13"><span class='ocrx_word' id='word_1_83' title='bbox 308 1193 353 1229; x_wconf 76' lang='lat' dir='ltr'><strong>Ut</strong></span> <span class='ocrx_word' id='word_1_84' title='bbox 368 1195 536 1241; x_wconf 63' lang='lat' dir='ltr'><em>epeculum</em></span> <span class='ocrx_word' id='word_1_85' title='bbox 554 1194 712 1238; x_wconf 68' lang='lat' dir='ltr'><strong>tenuisti,</strong></span> <span class='ocrx_word' id='word_1_86' title='bbox 739 1198 846 1230; x_wconf 78' lang='lat' dir='ltr'><em>metuo</em></span> <span class='ocrx_word' id='word_1_87' title='bbox 873 1206 914 1230; x_wconf 82' lang='lat' dir='ltr'><em>ne</em></span> <span class='ocrx_word' id='word_1_88' title='bbox 931 1194 1027 1230; x_wconf 76' lang='lat' dir='ltr'><em>olant</em></span> <span class='ocrx_word' id='word_1_89' title='bbox 1044 1196 1219 1239; x_wconf 65' lang='lat' dir='ltr'><em>amentum</em></span> <span class='ocrx_word' id='word_1_90' title='bbox 1237 1203 1375 1227; x_wconf 71' lang='lat' dir='ltr'><strong>manus.-</strong></span> 
     </span>
     <span class='ocr_line' id='line_1_15' title="bbox 264 1256 1414 1307; baseline -0.003 -12"><span class='ocrx_word' id='word_1_91' title='bbox 264 1259 344 1295; x_wconf 87' lang='lat' dir='ltr'><strong>Non</strong></span> <span class='ocrx_word' id='word_1_92' title='bbox 372 1259 461 1295; x_wconf 86' lang='lat' dir='ltr'><strong>serio</strong></span> <span class='ocrx_word' id='word_1_93' title='bbox 487 1259 552 1295; x_wconf 87' lang='lat' dir='ltr'><strong>hoc</strong></span> <span class='ocrx_word' id='word_1_94' title='bbox 577 1259 727 1303; x_wconf 85' lang='lat' dir='ltr'><strong>dictum,</strong></span> <span class='ocrx_word' id='word_1_95' title='bbox 754 1259 813 1295; x_wconf 86' lang='lat' dir='ltr'><strong>sed</strong></span> <span class='ocrx_word' id='word_1_96' title='bbox 839 1263 890 1295; x_wconf 87' lang='lat' dir='ltr'><strong>est</strong></span> <span class='ocrx_word' id='word_1_97' title='bbox 916 1259 1034 1307; x_wconf 88' lang='lat' dir='ltr'><strong>potius</strong></span> <span class='ocrx_word' id='word_1_98' title='bbox 1060 1258 1186 1294; x_wconf 84' lang='lat' dir='ltr'><strong>derisio</strong></span> <span class='ocrx_word' id='word_1_99' title='bbox 1208 1257 1343 1304; x_wconf 86' lang='lat' dir='ltr'><strong>puellae</strong></span> <span class='ocrx_word' id='word_1_100' title='bbox 1360 1256 1414 1291; x_wconf 87' lang='lat' dir='ltr'><strong>ni·</strong></span> 
     </span>
     <span class='ocr_line' id='line_1_16' title="bbox 264 1322 1415 1371; baseline -0.002 -13"><span class='ocrx_word' id='word_1_101' title='bbox 264 1323 330 1359; x_wconf 90' lang='lat' dir='ltr'><strong>mis</strong></span> <span class='ocrx_word' id='word_1_102' title='bbox 376 1323 545 1360; x_wconf 87' lang='lat' dir='ltr'><strong>soUicitae</strong></span> <span class='ocrx_word' id='word_1_103' title='bbox 583 1324 625 1359; x_wconf 86' lang='lat' dir='ltr'><strong>de</strong></span> <span class='ocrx_word' id='word_1_104' title='bbox 661 1329 796 1368; x_wconf 86' lang='lat' dir='ltr'><strong>amato,</strong></span> <span class='ocrx_word' id='word_1_105' title='bbox 837 1336 941 1371; x_wconf 83' lang='lat' dir='ltr'><strong>quare</strong></span> <span class='ocrx_word' id='word_1_106' title='bbox 978 1323 1167 1359; x_wconf 87' lang='lat' dir='ltr'><strong>cavendum</strong></span> <span class='ocrx_word' id='word_1_107' title='bbox 1202 1322 1319 1370; x_wconf 87' lang='lat' dir='ltr'><strong>jubet,</strong></span> <span class='ocrx_word' id='word_1_108' title='bbox 1372 1334 1415 1357; x_wconf 91' lang='lat' dir='ltr'><strong>ne</strong></span> 
     </span>
     <span class='ocr_line' id='line_1_17' title="bbox 263 1387 1416 1435; baseline -0.002 -13"><span class='ocrx_word' id='word_1_109' title='bbox 263 1388 293 1422; x_wconf 88' lang='lat' dir='ltr'><strong>is</strong></span> <span class='ocrx_word' id='word_1_110' title='bbox 319 1388 408 1423; x_wconf 84' lang='lat' dir='ltr'><strong>forte</strong></span> <span class='ocrx_word' id='word_1_111' title='bbox 434 1387 626 1435; x_wconf 78' lang='lat' dir='ltr'><strong>suspicetur</strong></span> <span class='ocrx_word' id='word_1_112' title='bbox 652 1388 900 1424; x_wconf 85' lang='lat' dir='ltr'><strong>Philematium</strong></span> <span class='ocrx_word' id='word_1_113' title='bbox 926 1401 1022 1424; x_wconf 88' lang='lat' dir='ltr'><strong>suam</strong></span> <span class='ocrx_word' id='word_1_114' title='bbox 1042 1388 1085 1424; x_wconf 78' lang='lat' dir='ltr'><strong>ab</strong></span> <span class='ocrx_word' id='word_1_115' title='bbox 1104 1387 1183 1423; x_wconf 80' lang='lat' dir='ltr'><strong>aliis</strong></span> <span class='ocrx_word' id='word_1_116' title='bbox 1205 1387 1416 1423; x_wconf 82' lang='lat' dir='ltr'><strong>amatoribus</strong></span> 
     </span>
     <span class='ocr_line' id='line_1_18' title="bbox 262 1451 1418 1501; baseline 0 -13"><span class='ocrx_word' id='word_1_117' title='bbox 262 1452 442 1500; x_wconf 86' lang='lat' dir='ltr'><strong>pecuniam</strong></span> <span class='ocrx_word' id='word_1_118' title='bbox 467 1453 637 1501; x_wconf 81' lang='lat' dir='ltr'><strong>accepisse</strong></span> <span class='ocrx_word' id='word_1_119' title='bbox 643 1468 653 1497; x_wconf 73' lang='grc' dir='ltr'><strong><em>ς</em></strong></span> <span class='ocrx_word' id='word_1_120' title='bbox 681 1453 734 1490; x_wconf 82' lang='lat' dir='ltr'><strong>Of.</strong></span> <span class='ocrx_word' id='word_1_121' title='bbox 761 1466 812 1490; x_wconf 79' lang='lat' dir='ltr'><strong>vs·</strong></span> <span class='ocrx_word' id='word_1_122' title='bbox 840 1454 923 1490; x_wconf 84' lang='grc'><strong>267.</strong></span> <span class='ocrx_word' id='word_1_123' title='bbox 975 1453 1135 1489; x_wconf 85' lang='lat' dir='ltr'><strong>Ceterum</strong></span> <span class='ocrx_word' id='word_1_124' title='bbox 1162 1453 1299 1501; x_wconf 83' lang='lat' dir='ltr'><strong>specula</strong></span> <span class='ocrx_word' id='word_1_125' title='bbox 1325 1451 1418 1500; x_wconf 84' lang='lat' dir='ltr'><strong>apud</strong></span> 
     </span>
     <span class='ocr_line' id='line_1_19' title="bbox 261 1517 1413 1567; baseline 0 -14"><span class='ocrx_word' id='word_1_126' title='bbox 261 1517 422 1564; x_wconf 83' lang='lat' dir='ltr'><strong>antiquos</strong></span> <span class='ocrx_word' id='word_1_127' title='bbox 458 1517 548 1555; x_wconf 84' lang='lat' dir='ltr'><strong>facta</strong></span> <span class='ocrx_word' id='word_1_128' title='bbox 578 1522 676 1554; x_wconf 84' lang='lat' dir='ltr'><strong>erant</strong></span> <span class='ocrx_word' id='word_1_129' title='bbox 709 1531 751 1554; x_wconf 85' lang='lat' dir='ltr'><strong>ex</strong></span> <span class='ocrx_word' id='word_1_130' title='bbox 777 1522 919 1566; x_wconf 84' lang='lat' dir='ltr'><strong>argento</strong></span> <span class='ocrx_word' id='word_1_131' title='bbox 947 1518 1078 1567; x_wconf 88' lang='lat' dir='ltr'><strong>polito,</strong></span> <span class='ocrx_word' id='word_1_132' title='bbox 1107 1531 1212 1565; x_wconf 84' lang='lat' dir='ltr'><em>eaque</em></span> <span class='ocrx_word' id='word_1_133' title='bbox 1239 1517 1413 1553; x_wconf 88' lang='lat' dir='ltr'><strong>interdum</strong></span> 
     </span>
     <span class='ocr_line' id='line_1_20' title="bbox 261 1584 1413 1632; baseline 0 -14"><span class='ocrx_word' id='word_1_134' title='bbox 261 1587 377 1619; x_wconf 83' lang='lat' dir='ltr'><strong>tantae</strong></span> <span class='ocrx_word' id='word_1_135' title='bbox 416 1587 513 1619; x_wconf 86' lang='lat' dir='ltr'><strong>erant</strong></span> <span class='ocrx_word' id='word_1_136' title='bbox 546 1584 815 1632; x_wconf 77' lang='lat' dir='ltr'><strong>magnitudiniS,</strong></span> <span class='ocrx_word' id='word_1_137' title='bbox 849 1589 888 1620; x_wconf 79' lang='lat' dir='ltr'><strong>ut</strong></span> <span class='ocrx_word' id='word_1_138' title='bbox 914 1588 1026 1620; x_wconf 86' lang='lat' dir='ltr'><strong>totum</strong></span> <span class='ocrx_word' id='word_1_139' title='bbox 1054 1597 1177 1631; x_wconf 85' lang='lat' dir='ltr'><strong>corpus</strong></span> <span class='ocrx_word' id='word_1_140' title='bbox 1203 1584 1240 1619; x_wconf 89' lang='lat' dir='ltr'><strong>in</strong></span> <span class='ocrx_word' id='word_1_141' title='bbox 1262 1584 1306 1619; x_wconf 87' lang='lat' dir='ltr'><strong>iis</strong></span> <span class='ocrx_word' id='word_1_142' title='bbox 1332 1596 1413 1619; x_wconf 86' lang='lat' dir='ltr'><strong>con-</strong></span> 
     </span>
     <span class='ocr_line' id='line_1_21' title="bbox 261 1648 1414 1697; baseline 0.001 -14"><span class='ocrx_word' id='word_1_143' title='bbox 261 1648 347 1696; x_wconf 88' lang='lat' dir='ltr'><strong>spici</strong></span> <span class='ocrx_word' id='word_1_144' title='bbox 364 1652 491 1696; x_wconf 85' lang='lat' dir='ltr'><strong>posset.</strong></span> <span class='ocrx_word' id='word_1_145' title='bbox 506 1648 559 1686; x_wconf 84' lang='lat' dir='ltr'><strong>Cf.</strong></span> <span class='ocrx_word' id='word_1_146' title='bbox 572 1649 698 1686; x_wconf 77' lang='lat' dir='ltr'><strong>Seneca</strong></span> <span class='ocrx_word' id='word_1_147' title='bbox 710 1649 850 1695; x_wconf 79' lang='lat' dir='ltr'><strong>Quaest.</strong></span> <span class='ocrx_word' id='word_1_148' title='bbox 863 1649 992 1685; x_wconf 75' lang='lat' dir='ltr'><strong>Nat.1:</strong></span> <span class='ocrx_word' id='word_1_149' title='bbox 1012 1662 1085 1697; x_wconf 87' lang='lat' dir='ltr'><strong>cap.</strong></span> <span class='ocrx_word' id='word_1_150' title='bbox 1102 1650 1144 1686; x_wconf 85' lang='grc'><strong>17</strong></span> <span class='ocrx_word' id='word_1_151' title='bbox 1156 1677 1165 1693; x_wconf 91' lang='grc'>,</span> <span class='ocrx_word' id='word_1_152' title='bbox 1185 1650 1321 1695; x_wconf 71' lang='lat' dir='ltr'><strong>specula</strong></span> <span class='ocrx_word' id='word_1_153' title='bbox 1334 1650 1414 1685; x_wconf 68' lang='lat' dir='ltr'><em>tolie</em></span> 
     </span>
     <span class='ocr_line' id='line_1_22' title="bbox 254 1714 1412 1763; baseline 0.001 -14"><span class='ocrx_word' id='word_1_154' title='bbox 254 1714 357 1760; x_wconf 79' lang='lat' dir='ltr'><strong>paria</strong></span> <span class='ocrx_word' id='word_1_155' title='bbox 395 1714 600 1762; x_wconf 73' lang='lat' dir='ltr'><strong>corporibus,</strong></span> <span class='ocrx_word' id='word_1_156' title='bbox 639 1715 734 1751; x_wconf 72' lang='lat' dir='ltr'><strong>Bott.</strong></span> <span class='ocrx_word' id='word_1_157' title='bbox 774 1715 850 1751; x_wconf 85' lang='lat' dir='ltr'><strong>Sab.</strong></span> <span class='ocrx_word' id='word_1_158' title='bbox 883 1728 961 1763; x_wconf 84' lang='lat' dir='ltr'><strong>pag.</strong></span> <span class='ocrx_word' id='word_1_159' title='bbox 989 1717 1054 1759; x_wconf 81' lang='lat'><strong>67,</strong></span> <span class='ocrx_word' id='word_1_160' title='bbox 1085 1716 1175 1759; x_wconf 83' lang='lat'><strong>114,</strong></span> <span class='ocrx_word' id='word_1_161' title='bbox 1203 1717 1294 1759; x_wconf 88' lang='lat'>400,</span> <span class='ocrx_word' id='word_1_162' title='bbox 1322 1716 1412 1759; x_wconf 80' lang='lat'><strong>419;</strong></span> 
     </span>
     <span class='ocr_line' id='line_1_23' title="bbox 261 1779 912 1827; baseline 0.002 -13"><span class='ocrx_word' id='word_1_163' title='bbox 261 1779 302 1815; x_wconf 86' lang='lat' dir='ltr'><strong>‹le</strong></span> <span class='ocrx_word' id='word_1_164' title='bbox 328 1780 465 1827; x_wconf 85' lang='lat' dir='ltr'><strong>speculo</strong></span> <span class='ocrx_word' id='word_1_165' title='bbox 491 1779 632 1823; x_wconf 87' lang='lat' dir='ltr'><strong>Laidis,</strong></span> <span class='ocrx_word' id='word_1_166' title='bbox 659 1792 736 1827; x_wconf 85' lang='lat' dir='ltr'><strong>pag.</strong></span> <span class='ocrx_word' id='word_1_167' title='bbox 765 1782 835 1815; x_wconf 83' lang='lat'><strong>326</strong></span> <span class='ocrx_word' id='word_1_168' title='bbox 864 1793 912 1826; x_wconf 89' lang='lat' dir='ltr'><strong>sq.</strong></span> 
     </span>
    </p>

    <p class='ocr_par' dir='ltr' id='par_1_8' title="bbox 357 1844 531 1882">
     <span class='ocr_line' id='line_1_24' title="bbox 357 1844 531 1882; baseline 0.017 -3"><span class='ocrx_word' id='word_1_169' title='bbox 357 1844 419 1881; x_wconf 87' lang='lat' dir='ltr'><strong>Vs.</strong></span> <span class='ocrx_word' id='word_1_170' title='bbox 449 1845 531 1882; x_wconf 77' lang='lat'><strong>274.</strong></span> 
     </span>
    </p>

    <p class='ocr_par' dir='ltr' id='par_1_9' title="bbox 259 1910 1411 2088">
     <span class='ocr_line' id='line_1_25' title="bbox 289 1910 1409 1957; baseline 0.002 -13"><span class='ocrx_word' id='word_1_171' title='bbox 289 1910 378 1944; x_wconf 88' lang='lat' dir='ltr'><strong>Nam</strong></span> <span class='ocrx_word' id='word_1_172' title='bbox 395 1910 498 1945; x_wconf 72' lang='lat' dir='ltr'><strong>istaec</strong></span> <span class='ocrx_word' id='word_1_173' title='bbox 510 1914 650 1953; x_wconf 74' lang='lat' dir='ltr'><em>veteres,</em></span> <span class='ocrx_word' id='word_1_174' title='bbox 670 1923 753 1957; x_wconf 80' lang='lat' dir='ltr'><em>quae</em></span> <span class='ocrx_word' id='word_1_175' title='bbox 764 1923 798 1946; x_wconf 67' lang='lat' dir='ltr'><em>se</em></span> <span class='ocrx_word' id='word_1_176' title='bbox 812 1912 991 1956; x_wconf 63' lang='lat' dir='ltr'><em>unquentis</em></span> <span class='ocrx_word' id='word_1_177' title='bbox 1003 1912 1191 1954; x_wconf 63' lang='lat' dir='ltr'><strong>matituna,</strong></span> <span class='ocrx_word' id='word_1_178' title='bbox 1211 1912 1409 1955; x_wconf 68' lang='lat' dir='ltr'><strong>interpoles,</strong></span> 
     </span>
     <span class='ocr_line' id='line_1_26' title="bbox 260 1974 1409 2025; baseline 0.002 -14"><span class='ocrx_word' id='word_1_179' title='bbox 260 1975 466 2021; x_wconf 57' lang='lat' dir='ltr'><em>Inter-poles,</em></span> <span class='ocrx_word' id='word_1_180' title='bbox 499 1974 541 2012; x_wconf 84' lang='lat' dir='ltr'><strong>ab</strong></span> <span class='ocrx_word' id='word_1_181' title='bbox 575 1976 808 2022; x_wconf 72' lang='lat' dir='ltr'><strong>interpolando</strong></span> <span class='ocrx_word' id='word_1_182' title='bbox 814 1992 828 2019; x_wconf 87' lang='lat'><strong>‚·</strong></span> <span class='ocrx_word' id='word_1_183' title='bbox 860 1975 1020 2011; x_wconf 85' lang='lat' dir='ltr'><strong>mulieres</strong></span> <span class='ocrx_word' id='word_1_184' title='bbox 1042 1976 1195 2020; x_wconf 84' lang='lat' dir='ltr'><strong>vetulae,</strong></span> <span class='ocrx_word' id='word_1_185' title='bbox 1224 1989 1309 2023; x_wconf 80' lang='lat' dir='ltr'><strong>quae</strong></span> <span class='ocrx_word' id='word_1_186' title='bbox 1334 1977 1409 2025; x_wconf 84' lang='lat' dir='ltr'><strong>pig-</strong></span> 
     </span>
     <span class='ocr_line' id='line_1_27' title="bbox 259 2040 1411 2088; baseline 0.003 -13"><span class='ocrx_word' id='word_1_187' title='bbox 259 2040 385 2075; x_wconf 82' lang='lat' dir='ltr'><strong>mentis</strong></span> <span class='ocrx_word' id='word_1_188' title='bbox 424 2040 571 2076; x_wconf 81' lang='lat' dir='ltr'><strong>colorem</strong></span> <span class='ocrx_word' id='word_1_189' title='bbox 606 2041 795 2088; x_wconf 87' lang='lat' dir='ltr'><strong>juvenilem</strong></span> <span class='ocrx_word' id='word_1_190' title='bbox 832 2041 928 2088; x_wconf 86' lang='lat' dir='ltr'><strong>quasi</strong></span> <span class='ocrx_word' id='word_1_191' title='bbox 959 2054 1122 2077; x_wconf 82' lang='lat' dir='ltr'><strong>renovare</strong></span> <span class='ocrx_word' id='word_1_192' title='bbox 1149 2041 1299 2077; x_wconf 84' lang='lat' dir='ltr'><strong>student.</strong></span> <span class='ocrx_word' id='word_1_193' title='bbox 1358 2043 1411 2078; x_wconf 76' lang='lat' dir='ltr'><strong>Cf.</strong></span> 
     </span>
    </p>
   </div>
   <div class='ocr_carea' id='block_1_3' title="bbox 184 2103 932 2153">
    <p class='ocr_par' dir='ltr' id='par_1_10' title="bbox 184 2103 932 2153">
     <span class='ocr_line' id='line_1_28' title="bbox 184 2103 932 2153; baseline 0.005 -15"><span class='ocrx_word' id='word_1_194' title='bbox 184 2110 186 2112; x_wconf 85' lang='lat'>&#39;</span> <span class='ocrx_word' id='word_1_195' title='bbox 259 2103 457 2140; x_wconf 89' lang='lat' dir='ltr'><strong>Gronovius</strong></span> <span class='ocrx_word' id='word_1_196' title='bbox 484 2104 579 2141; x_wconf 81' lang='lat' dir='ltr'><strong>Lect.</strong></span> <span class='ocrx_word' id='word_1_197' title='bbox 606 2105 720 2141; x_wconf 78' lang='lat' dir='ltr'><strong>Plaut.</strong></span> <span class='ocrx_word' id='word_1_198' title='bbox 746 2117 823 2153; x_wconf 86' lang='lat' dir='ltr'><strong>pag.</strong></span> <span class='ocrx_word' id='word_1_199' title='bbox 852 2107 932 2142; x_wconf 84' lang='lat'><strong>193.</strong></span> 
     </span>
    </p>
   </div>
   <div class='ocr_carea' id='block_1_4' title="bbox 332 2169 1412 2284">
    <p class='ocr_par' dir='ltr' id='par_1_11' title="bbox 332 2169 1412 2284">
     <span class='ocr_line' id='line_1_29' title="bbox 356 2169 528 2207; baseline 0.012 -2"><span class='ocrx_word' id='word_1_200' title='bbox 356 2169 417 2206; x_wconf 87' lang='lat' dir='ltr'><strong>Vs.</strong></span> <span class='ocrx_word' id='word_1_201' title='bbox 446 2172 528 2207; x_wconf 89' lang='grc'><strong>282.</strong></span> 
     </span>
     <span class='ocr_line' id='line_1_30' title="bbox 332 2230 1412 2284; baseline 0.006 -13"><span class='ocrx_word' id='word_1_202' title='bbox 332 2230 496 2280; x_wconf 71' lang='lat' dir='ltr'><em>Aqedum,</em></span> <span class='ocrx_word' id='word_1_203' title='bbox 529 2237 712 2283; x_wconf 73' lang='lat' dir='ltr'><em>contempla</em></span> <span class='ocrx_word' id='word_1_204' title='bbox 746 2250 864 2273; x_wconf 82' lang='lat' dir='ltr'><em>aurum</em></span> <span class='ocrx_word' id='word_1_205' title='bbox 896 2242 929 2274; x_wconf 80' lang='lat' dir='ltr'><em>et</em></span> <span class='ocrx_word' id='word_1_206' title='bbox 946 2240 1099 2284; x_wconf 79' lang='lat' dir='ltr'><em>pallam,</em></span> <span class='ocrx_word' id='word_1_207' title='bbox 1128 2239 1230 2276; x_wconf 64' lang='lat' dir='ltr'><strong>sacin&#39;</strong></span> <span class='ocrx_word' id='word_1_208' title='bbox 1258 2242 1337 2277; x_wconf 59' lang='lat' dir='ltr'><em>llaec</em></span> <span class='ocrx_word' id='word_1_209' title='bbox 1364 2257 1412 2278; x_wconf 80' lang='lat' dir='ltr'><em>me</em></span> 
     </span>
    </p>
   </div>
   <div class='ocr_carea' id='block_1_5' title="bbox 258 2302 1408 2420">
    <p class='ocr_par' dir='ltr' id='par_1_12' title="bbox 258 2302 1408 2420">
     <span class='ocr_line' id='line_1_31' title="bbox 421 2302 720 2349; baseline 0.007 -12"><span class='ocrx_word' id='word_1_210' title='bbox 421 2302 552 2346; x_wconf 72' lang='lat' dir='ltr'><em>deceat,</em></span> <span class='ocrx_word' id='word_1_211' title='bbox 579 2302 720 2349; x_wconf 72' lang='lat' dir='ltr'><strong>Scapha.</strong></span> 
     </span>
     <span class='ocr_line' id='line_1_32' title="bbox 258 2367 1408 2420; baseline 0.006 -19"><span class='ocrx_word' id='word_1_212' title='bbox 258 2367 393 2402; x_wconf 85' lang='lat' dir='ltr'><em>Pallam</em></span> <span class='ocrx_word' id='word_1_213' title='bbox 403 2383 416 2409; x_wconf 91' lang='lat'><strong>,·</strong></span> <span class='ocrx_word' id='word_1_214' title='bbox 444 2367 627 2404; x_wconf 70' lang='lat' dir='ltr'><strong>mulieruin</strong></span> <span class='ocrx_word' id='word_1_215' title='bbox 655 2372 764 2405; x_wconf 82' lang='lat' dir='ltr'><strong>vestes</strong></span> <span class='ocrx_word' id='word_1_216' title='bbox 787 2368 990 2405; x_wconf 78' lang='lat' dir='ltr'><strong>constabant</strong></span> <span class='ocrx_word' id='word_1_217' title='bbox 1008 2370 1120 2406; x_wconf 77' lang='lat' dir='ltr'><strong>tribus</strong></span> <span class='ocrx_word' id='word_1_218' title='bbox 1139 2372 1295 2418; x_wconf 79' lang='lat' dir='ltr'><strong>partibus</strong></span> <span class='ocrx_word' id='word_1_219' title='bbox 1314 2386 1408 2420; x_wconf 84' lang='lat' dir='ltr'><strong>prae-</strong></span> 
     </span>
    </p>
   </div>
  </div>
 </body>
</html>
