1752 2978
829 280 899 314 106

287 380 340 410 re,
378 368 407 402 si
433 368 642 404 retineamus
677 368 851 415 vulgatam
878 370 1063 406 lectionem
1088 369 1166 404 bine
1186 381 1324 415 pereqre
1351 371 1436 414 eius,

286 444 351 478 qua
378 435 525 468 metrum
552 433 683 481 optime
708 437 855 470 constat.
882 435 927 470 In
952 433 1059 470 altero
1085 446 1147 481 pro
1160 434 1315 479 potarier
1333 434 1437 481 vulgo

284 496 411 543 legitur
446 510 514 534 esse
552 502 584 534 et
619 498 701 542 bibi,
741 498 834 545 quod
866 500 1030 535 iteratum
1065 497 1201 534 videtur
1227 511 1246 534 e
1270 511 1320 534 VS.
1347 501 1436 542 959,

284 575 370 609 quae
409 562 563 611 ejusdem
602 563 671 608 rei,
707 563 820 600 verbis
858 564 984 601 iisdem
1009 564 1170 613 repetitio
1196 563 1328 600 nemini
1367 576 1437 600 non

282 628 444 676 languere
470 629 638 665 videatur.
682 629 864 666 Praeterea
891 644 971 667 vero
998 630 1114 667 obstat
1137 630 1357 678 grammatica
1383 643 1435 666 ra-

283 693 351 737 tio,
379 706 464 740 quae
489 697 584 729 vetat
609 694 784 742 passivum
810 694 907 731 verbi
937 696 1087 732 desinere
1112 696 1264 732 construi
1287 708 1363 731 cum
1381 695 1434 731 in-

282 759 340 794 fin.
388 759 515 803 activi,
563 759 622 795 sed
666 772 818 807 semper,
855 773 960 807 aeque
999 773 1038 796 ac
1065 765 1214 806 coeptum
1251 765 1316 804 est,
1357 764 1436 808 post

282 836 318 858 se
355 823 458 859 habet
495 824 591 859 infin.
629 824 776 871 passivi‚·
813 828 966 872 praestat
1000 824 1108 872 igitur
1139 826 1251 873 legere
1277 838 1353 861 cum
1379 838 1433 861 co-

283 887 357 923 dice
383 889 427 924 A.
446 889 615 934 potarier.

381 954 442 990 Vs.
471 956 554 990 966.

352 1018 433 1054 Vide
456 1018 504 1054 eis
529 1031 570 1055 ne
582 1021 687 1067 forte
710 1021 757 1054 ad
781 1020 966 1056 merendam
991 1020 1144 1066 quopiam
1170 1020 1365 1056 devorteris.

281 1084 488 1118 Mer-endam.
522 1084 669 1118 Romani
695 1084 849 1131 plerique
878 1087 931 1119 ter
957 1084 1112 1130 quotidie
1140 1084 1296 1119 solebant
1319 1084 1433 1119 cibum

280 1161 418 1196 capere:
458 1149 609 1197 primum
649 1153 722 1185 erat
737 1150 956 1197 jentaculum
962 1166 975 1192 ;
1004 1149 1208 1196 sequebatur
1224 1150 1431 1195 prandiam;

280 1213 372 1249 diem
398 1213 577 1250 claudebat
602 1226 711 1250 coena.
769 1214 934 1250 Merenda
961 1214 1051 1249 idem
1078 1213 1146 1249 fuit
1171 1226 1209 1249 ac
1227 1214 1431 1259 prandium,

281 1279 372 1325 quod
407 1279 605 1327 capiebatur
641 1279 730 1315 circa
756 1280 952 1318 meridiem.
984 1292 1024 1315 eo
1050 1283 1184 1322 tamen,
1212 1283 1252 1314 ut
1277 1278 1431 1321 videtur,

280 1343 498 1387 discrimine,
539 1343 630 1390 quod
668 1345 822 1379 merenda
860 1343 1067 1391 simplicior,
1095 1343 1277 1388 prandium
1304 1343 1432 1378 lautius

279 1413 386 1444 esset:
427 1409 518 1455 quod
557 1409 661 1444 etiam
700 1422 718 1444 e
755 1409 895 1444 nomine
921 1408 1119 1456 colligitur,
1147 1421 1252 1455 quum
1279 1409 1431 1443 merenda

278 1474 370 1509 dicta
395 1474 441 1509 sit
467 1474 509 1509 ab
535 1487 611 1509 aere
636 1475 844 1509 merentibue.
879 1474 1070 1509 Prandium
1097 1473 1261 1509 describit
1287 1473 1431 1508 Plautus

277 1538 371 1575 Men.
399 1538 436 1574 I:
464 1539 507 1574 3:
535 1540 580 1574 25
608 1550 681 1585 sqq.

377 1605 457 1640 Iube
491 1604 597 1650 iqitur
635 1604 725 1640 nobis
749 1605 841 1649 apud
864 1609 895 1640 te
913 1604 1099 1650 prandiam
1120 1603 1329 1646 accurarier,

376 1672 487 1717 Atque
512 1670 646 1716 aliquid
669 1670 938 1705 scitamentorum
963 1670 1003 1705 de
1016 1670 1105 1718 foro
1131 1669 1329 1705 obsonarier.

379 1735 633 1770 Glandionz'cam
659 1735 816 1778 suillam,
846 1735 1010 1778 laridum,
1031 1734 1266 1780 pernonidem,
1293 1738 1355 1769 aut

374 1801 545 1846 Sinciput,
588 1804 650 1835 aut
680 1800 869 1845 polimenta
902 1801 1064 1844 porcina,
1094 1805 1156 1835 aut
1182 1800 1264 1846 quid
1288 1800 1334 1834 ad
1357 1812 1429 1834 eum

505 1866 652 1910 modam,

373 1931 516 1966 Madida
550 1944 633 1978 quae
663 1932 708 1966 mi
742 1931 896 1975 adposita
920 1930 958 1964 in
983 1942 1126 1964 mensam.
1154 1929 1325 1964 milvinum
1351 1941 1426 1974 suq-

501 2001 646 2041 yerant:

272 2062 371 2097 Curc.
398 2061 454 2097 II:
482 2063 522 2097 3:
540 2064 610 2098 44.

371 2127 537 2170 Pernam,
564 2127 736 2169 abdomen,
765 2138 878 2160 samen
905 2124 1030 2167 saeris,
1054 2125 1241 2169 ylandium.

273 2191 451 2227 Nimirum
490 2191 576 2227 cibis
616 2190 736 2226 calidis
767 2202 873 2236 aeque
901 2201 938 2225 ac
964 2188 1119 2235 frigidis,
1148 2202 1246 2236 saepe
1272 2189 1426 2236 reliquiis

271 2269 395 2291 coenae
420 2257 597 2291 hesternae
623 2256 812 2290 constabat.
866 2254 918 2289 Cf.
946 2253 1045 2288 Cure.
1072 2253 1129 2288 II:
1159 2255 1199 2288 3:
1227 2256 1285 2289 42.
1330 2254 1424 2290 Pers.

272 2322 309 2357 I:
340 2323 379 2356 3:
410 2323 454 2356 25
482 2334 532 2367 sq.
584 2320 737 2364 Bekker,
766 2319 857 2355 Gall.
886 2318 967 2363 III,
995 2331 1072 2365 pag.
1101 2320 1307 2355 171-204,
