1752 2978
227 19 231 22 ῃ
246 11 249 14 ,
260 0 421 20 ..,;3ῑ“,’.’,,;,ν,υ-.τ·.,-
430 0 561 13 ‹ztswwvv'v‘
578 0 756 21 ‘’WW³»‘„‡]
768 0 1304 23 lss-”⁷‘„WWW
1310 0 1467 14 {vsquww‘

844 365 888 399 25

288 455 323 490 h.
351 469 379 491 e.
406 458 444 491 tu
472 468 525 491 me
551 456 749 491 furciferum
777 468 895 500 vocas,
925 468 1004 491 mox
1025 456 1099 503 ipse
1106 456 1219 503 furca
1239 453 1439 489 multabere.

290 519 341 556 Cf.
369 520 462 557 Plut.
489 521 621 557 Corior.
649 521 732 569 Cap.
761 524 818 557 24.
845 522 972 557 Donat.
991 521 1032 557 ad
1060 521 1196 556 Terent.
1225 520 1334 556 Andr.
1362 519 1439 554 III:

290 586 328 620 5:
358 587 419 629 12,
447 585 581 621 Bekker
606 586 726 622 Gallus
752 585 792 621 II
823 598 900 633 pag.
929 587 998 621 125
1027 598 1076 631 sq.

387 652 446 688 Vs.
475 654 632 688 80—84.

396 717 551 760 Periere,
579 721 612 751 et
637 717 732 752 aedes
757 721 791 751 et
817 729 906 761 aqer.
934 716 991 763 qui
1016 716 1084 751 nisi
1110 729 1197 750 nune
1223 715 1327 758 redit,

398 847 587 881 Paucorum
612 858 758 881 men-sum
784 850 865 880 sunt
891 846 1031 881 relictae
1056 846 1228 892 reliquiae.

398 910 499 945 Nunc
524 922 584 945 rus
609 910 717 945 abibo:
744 923 821 945 nam
846 910 900 945 hic
924 923 1020 957 quom
1046 910 1158 945 erilem
1176 910 1291 958 filium

403 974 500 1010 Video
526 978 723 1020 corruptum
749 974 802 1009 ita
828 987 867 1009 ea·
893 975 1097 1009 adolescente
1122 978 1268 1020 optumo,

287 1104 372 1140 Post
399 1117 447 1140 vs.
479 1106 523 1139 80
553 1108 587 1140 et
615 1106 660 1139 84
687 1107 778 1140 recte
803 1104 1013 1140 Ritschelius
1031 1104 1171 1139 lacunae
1189 1106 1289 1139 notas
1306 1103 1440 1150 posuit,

287 1182 366 1205 nam
393 1169 513 1205 verba:
544 1170 629 1216 aqui
654 1170 721 1205 nisi
747 1183 836 1205 nunc
861 1171 967 1214 redit,
992 1183 1175 1217 paucorum
1201 1182 1346 1204 mensum
1362 1174 1444 1204 sunt

288 1234 424 1270 relictae
471 1234 633 1281 reliquiae
641 1233 651 1249 '
654 1233 664 1249 '
666 1263 675 1278 ,
702 1247 876 1285 §mancam
915 1235 1122 1270 sententiam
1159 1233 1330 1269 efficiunt:
1371 1247 1441 1269 non

286 1299 398 1343 enim,
439 1299 469 1334 si
504 1312 605 1335 senex
640 1288 711 1335 non
747 1300 866 1335 statim
905 1299 1077 1335 rediturus
1119 1303 1225 1343 esset,
1267 1299 1303 1335 id
1341 1312 1442 1334 causa

287 1363 394 1407 foret,
422 1363 513 1409 quod
531 1376 654 1411 parvae
672 1364 837 1411 reliquiae
856 1367 1082 1411 superessent.
1122 1363 1331 1399 Ritsehelius
1344 1367 1442 1399 acute

288 1428 482 1476 suspicatus
511 1432 563 1464 est
588 1428 638 1464 ita
663 1429 734 1465 fere
759 1429 828 1476 legi
854 1442 969 1477 posse:

382 1522 652 1531 ........
684 1496 750 1533 Qui
775 1496 843 1530 nisi
869 1508 959 1530 nunc
984 1495 1072 1530 redit

384 1559 501 1606 [Fame
524 1561 763 1607 pereundumst
776 1560 945 1608 familiae
971 1560 1077 1596 omni:
1103 1559 1224 1607 quippe
1249 1558 1340 1606 quoi]

403 1624 591 1659 Paucorum
617 1637 764 1660 mensum
788 1629 870 1660 sunt
895 1624 1033 1660 relictae
1059 1624 1232 1670 reliquiae.

384 1687 445 1725 Vs.
475 1690 520 1724 83
550 1701 598 1735 sq.
627 1689 731 1736 vulgo
757 1688 807 1725 sie
832 1689 1013 1736 leguntur:

436 1753 537 1788 Nunc
564 1766 624 1788 rus
649 1753 758 1789 abibo.-
785 1766 861 1788 nam
887 1766 995 1789 eccum
1020 1753 1157 1789 herilem
1173 1753 1292 1801 filium

440 1817 537 1853 Video
563 1822 756 1865 corruptum
782 1831 821 1854 ex
846 1819 1058 1854 adulescente
1083 1819 1215 1865 optimo.

287 1882 410 1919 deinde
446 1886 526 1930 post
560 1896 609 1918 vs.
643 1884 688 1917 84
733 1883 865 1929 aliquid
907 1883 1074 1918 excidisse
1116 1884 1338 1918 manifestum
1377 1887 1439 1918 cst.

287 1947 382 1983 Haec
423 1960 503 1983 vero
555 1951 635 1995 apto
685 1951 801 1983 carent
839 1960 951 1983 sensu.
1014 1947 1106 1983 Nam
1142 1947 1284 1983 omnino
1322 1948 1439 1984 absur-

287 2012 369 2048 dum
405 2013 494 2048 foret
531 2013 561 2047 si
596 2012 741 2048 Grumio
776 2026 850 2048 eam
877 2013 920 2048 ob
947 2026 1084 2048 causam
1109 2026 1167 2048 rus
1193 2014 1320 2057 abiret,
1349 2015 1440 2060 quod

286 2077 524 2113 advenientem
562 2076 693 2112 videret
730 2076 840 2113 filium
879 2077 998 2113 erilem
1036 2077 1231 2125 depravatis
1266 2078 1438 2122 moribus3

286 2154 389 2188 quare
414 2142 567 2177 lacunam
595 2141 827 2188 accipiendam
853 2146 938 2189 puto
967 2155 1045 2178 cum
1079 2143 1288 2186 Ritschelio,
1317 2144 1366 2178 ita
1393 2144 1439 2178 le-

285 2206 435 2253 gendum
461 2207 683 2254 conjiciente:

383 2265 386 2268 ¹
413 2272 513 2307 Nunc
539 2285 598 2307 rue
624 2272 733 2308 abibo:
760 2286 835 2308 nam
862 2273 915 2308 la'c
942 2286 1042 2320 quum
1067 2273 1180 2308 erilem
1197 2272 1312 2320 filium

416 2337 513 2372 Video
540 2342 732 2384 corruptum
759 2338 810 2373 ita
836 2351 875 2373 ea·
901 2339 1107 2374 adolescente
1133 2342 1282 2384 optumo,

414 2402 562 2448 [Nimiae
586 2404 647 2449 pol
670 2416 708 2438 ea
734 2415 786 2438 res
812 2403 990 2438 dividiaeet
1016 2403 1125 2438 animo
1152 2403 1246 2448 meo.]
