1752 2978
872 375 917 409 45

326 463 482 498 Pulcrum
509 469 662 500 ornatum
690 469 802 511 lmsses
828 478 931 502 mores
952 466 1048 512 peius
1073 478 1171 501 caeno
1197 466 1401 512 conlimmh]

323 527 419 563 Nam
444 530 476 564 si
495 530 665 578 ριιίσναεί,
691 532 793 565 nimis
819 537 977 566 ornatast.

322 592 508 640 Postquam
534 595 778 630 Philematium
806 595 976 641 quaesivit
1001 608 1019 630 e
1050 595 1196 642 Scapha,
1232 608 1315 630 num
1349 607 1472 630 aureus

322 662 463 694 ornatus
488 663 523 694 et
547 660 639 707 palla
663 672 852 707 purpurea,
880 672 946 705 qua
972 663 1060 694 esset
1086 659 1209 694 induta
1234 673 1269 694 se
1295 660 1470 702 decerent,

323 725 357 757 et
381 723 511 771 Scapha
535 724 567 759 ei
593 723 771 772 respondit
796 724 832 759 id
859 737 919 760 sua
935 738 1005 760 non
1023 726 1165 768 referre,
1194 738 1293 761 suum
1311 738 1381 761 non
1398 739 1472 771 esse

317 800 439 823 curare
461 801 545 823 num
568 792 678 823 vestes
697 802 771 824 eam
789 789 963 832 decerent,
991 803 1107 825 rursus
1134 790 1327 835 quaerenti,
1354 803 1471 836 quem-

323 864 402 887 nam
421 852 529 898 igitur
554 853 619 887 hoc
645 865 762 888 curare
788 856 982 900 oporteret,
1009 854 1090 887 haec
1109 854 1209 888 dicit:
1228 854 1474 889 Philolachem:

324 917 354 951 is
379 930 420 952 ne
445 917 527 964 quid
551 922 637 953 emat
668 918 736 953 nisi
767 919 856 965 quod
889 918 948 953 tibi
981 919 1115 964 placere
1145 924 1275 954 censeat
1300 923 1364 955 cet.
1396 920 1472 955 Rit-

324 981 469 1017 schelius
495 982 707 1018 existimavit
730 982 860 1030 primos
886 995 1003 1018 versus
1033 984 1094 1030 (vs.
1123 984 1192 1018 284
1220 985 1283 1030 sq.)
1310 997 1382 1019 esse
1400 997 1474 1020 mu-

325 1046 405 1082 tilos
432 1050 466 1082 et
492 1047 553 1083 tali
580 1048 649 1083 fere
676 1048 778 1084 modo
805 1048 972 1084 resarcien
1000 1048 1080 1084 dos:

349 1112 603 1147 Philolachem:
620 1115 649 1148 z‘s
664 1115 789 1161 nequid
804 1119 908 1156 emat,
933 1115 1000 1147 nisi
1020 1113 1125 1160 [quod
1139 1119 1170 1148 te
1187 1114 1300 1149 decere
1315 1120 1451 1150 censeat.

354 1177 453 1222 Quod
467 1178 523 1214 illi
538 1179 691 1227 placeat,
718 1192 818 1222 eura,
845 1179 961 1227 quam]
982 1180 1073 1226 quod
1088 1179 1150 1214 tibi
1160 1178 1299 1227 placere
1315 1186 1451 1216 censeat.

325 1242 379 1276 cui
406 1243 563 1288 equidem
601 1257 672 1278 non
709 1245 888 1279 assentior.
941 1245 1118 1279 Mutamus
1151 1256 1201 1279 VS.
1239 1246 1309 1279 285
1345 1245 1405 1279 tibi
1439 1246 1474 1279 in

324 1307 401 1350 sibi,
429 1310 464 1341 et
490 1308 638 1354 optima,
666 1308 702 1342 ni
728 1308 846 1351 fallor,
874 1308 946 1343 exit
971 1308 1161 1351 sententia,
1190 1321 1312 1356 nempe
1337 1309 1476 1344 haecce:

328 1391 346 1411 u
356 1372 414 1407 Me
441 1384 510 1407 non
542 1385 658 1408 curare
684 1376 837 1420 oportet,
874 1385 957 1407 num
988 1372 1065 1418 quis
1101 1376 1242 1407 ornatus
1277 1376 1312 1408 te
1344 1373 1477 1417 deceat,

326 1437 384 1472 sed
410 1437 662 1482 Philolachem,
697 1438 728 1472 is
759 1437 871 1473 videat
903 1450 945 1472 ne
971 1438 1053 1483 quid
1081 1442 1183 1481 emat,
1216 1438 1283 1472 niei
1308 1439 1396 1485 quod
1419 1440 1481 1473 eibi

322 1504 455 1550 placere
479 1507 625 1546 censeat,
661 1503 695 1539 h.
722 1516 750 1538 e.
759 1531 769 1547 ,
796 1515 840 1537 ne
858 1506 915 1546 tu,
943 1514 1044 1549 quem
1070 1502 1129 1538 ille
1156 1502 1222 1539 sibi
1249 1503 1352 1547 emit,
1380 1504 1480 1539 aliter

326 1572 446 1603 ornata
471 1569 518 1603 sis
549 1572 650 1614 atque
675 1567 820 1603 amatori
846 1567 918 1602 sive
950 1567 1073 1602 emtori
1105 1567 1248 1615 placeat.
1302 1568 1396 1603 Huic
1422 1582 1479 1603 ex-

326 1633 505 1680 plicationi
532 1633 690 1678 congruit
716 1645 858 1678 sequens
897 1632 1086 1675 sententia,
1127 1645 1229 1678 quam
1269 1632 1480 1668 Ritschelius

328 1698 462 1733 uncinis
489 1697 645 1741 inclusit,
675 1697 734 1732 sed
760 1696 832 1732 sive
857 1709 974 1732 versus
1001 1696 1067 1732 iste
1093 1696 1140 1732 sit
1159 1701 1300 1744 poetae,
1329 1697 1402 1733 sive
1428 1698 1481 1733 in-

327 1763 564 1810 terpolatoris,
592 1762 723 1797 indicat
741 1766 849 1806 certe,
869 1763 953 1809 quid
968 1763 1038 1798 isto
1061 1782 1078 1803 n
1090 1777 1131 1799 ne
1152 1765 1236 1810 quid
1251 1764 1362 1799 emat’'
1380 1769 1482 1812 poeta

328 1827 534 1863 intellexerit
541 1843 550 1871 ;
584 1840 655 1862 non
686 1839 806 1862 aurum
832 1827 886 1862 vel
911 1840 1100 1875 purpuram
1125 1828 1299 1863 intellexit
1325 1828 1385 1864 sed
1411 1842 1481 1864 me-

328 1893 501 1935 retricem,
529 1892 716 1927 meretricis
742 1904 872 1935 mores,
900 1892 1114 1937 obsequium.
1166 1894 1281 1937 Atque
1307 1892 1362 1927 his
1390 1893 1481 1940 opti--

329 1970 382 1993 me
408 1957 577 2004 quadrant
602 1957 800 2003 sequentia:
839 1956 934 2001 Quid
971 1956 1080 2003 igitur
1119 1969 1205 2004 opus
1231 1960 1283 1991 est
1309 1961 1482 1992 ostentare

329 2022 382 2058 illi
408 2036 529 2058 aurum
555 2026 590 2057 et
615 2035 820 2069 purpuram,
856 2015 981 2067 quibus
1008 2025 1042 2056 te
1069 2021 1136 2057 sibi
1163 2022 1266 2056 emit:
1293 2022 1402 2057 immo
1429 2023 1482 2057 fac

331 2092 368 2124 ut
407 2089 482 2136 ipsa
520 2101 580 2135 per
618 2092 652 2123 te
691 2088 743 2123 illi
782 2087 925 2134 placeas.
981 2086 1085 2131 Quod
1119 2087 1162 2121 ad
1200 2100 1250 2122 vs.
1294 2088 1362 2122 290
1412 2100 1482 2133 sq.:

328 2154 430 2189 Poste
461 2154 655 2202 nequiquam
686 2156 750 2189 cet.
793 2153 982 2188 Ritschelio
1017 2153 1204 2196 assentior,
1246 2153 1303 2198 qui
1343 2166 1400 2188 eos
1427 2166 1483 2188 ex-

329 2220 471 2267 punxit,
508 2223 648 2266 propter
680 2217 925 2253 abundantiam
952 2218 1219 2260 sententiarum,
1249 2218 1373 2263 quibus
1403 2219 1485 2253 haec

329 2296 429 2319 scena
444 2284 516 2331 jam
534 2284 638 2319 nimis
657 2286 782 2327 scatet,
802 2287 877 2318 tum
895 2282 987 2329 quod
1005 2282 1108 2319 verba
1129 2301 1147 2322 u
1159 2296 1236 2318 nam
1261 2283 1291 2317 εἰ
1301 2282 1484 2328 pulc-mest

332 2352 392 2396 (vs.
420 2351 503 2395 292)
544 2349 661 2384 referri
689 2352 824 2384 tantum
863 2352 1009 2395 possunt
1035 2348 1078 2383 ad
1110 2348 1269 2395 superius
1303 2349 1395 2383 dicta
1422 2350 1484 2394 (vs.

333 2416 435 2462 289),
463 2427 565 2461 quare
593 2413 809 2461 interpositis
835 2413 907 2449 illis
934 2426 1041 2449 nexus
1068 2414 1239 2449 turbatur.
